2125 3784
270 368 352 422 ruo
380 352 493 422 Rana
519 353 760 424 Daunum.
804 373 849 449 13
857 361 879 447 3·

194 466 255 530 esse
283 467 400 530 videbat
422 487 430 525 :
451 470 481 527 in
509 466 620 528 summo
647 474 745 527 tamen
771 467 879 526 timore

193 547 400 629 quiescendum
418 548 471 606 sibi
492 545 549 609 esse
567 547 762 609 arbitrabatur.
779 546 881 608 Maris

191 630 243 688 me
261 630 335 690 verb
350 628 534 708 perturbatus
546 626 606 698 est,
619 643 651 688 ut
662 626 791 699 audivit,
807 646 880 687 con·

189 705 268 775 sules
289 729 326 769 ex
340 707 422 766 Italia
436 705 590 788 profugisse
598 727 608 780 ;
630 706 787 790 omnesque
801 728 880 767 con·-

189 787 331 869 sularess(
347 789 389 846 sic
409 788 485 847 eninr
510 787 693 847 nuntiabatur
712 785 727 867 )
744 786 880 847 cunsium

188 869 346 941 senatum,
361 880 453 927 totam
467 863 579 929 italiam
597 866 653 928 effe
667 865 802 929 effusam:
813 867 880 931 tali·

189 948 250 1007 bus
263 951 340 1008 eninr
357 948 458 1009 nuntiis
472 947 505 1008 &
522 948 687 1009 rumoribus
707 946 825 1028 patebat
838 946 878 1007 ad

192 1026 351 1089 Orienrenr
365 1030 430 1100 via,
446 1046 501 1089 nec
519 1029 568 1087 uili
586 1031 650 1089 veri
663 1024 879 1108 subsequeban-

190 1123 257 1167 tur:
272 1107 339 1168 nihil
356 1108 406 1168 ille
422 1105 461 1167 de
474 1108 691 1168 conditionibus
709 1109 788 1179 tuis,
805 1106 882 1169 nihil

192 1187 231 1247 de
255 1186 348 1253 studio
375 1187 540 1252 concordiae
568 1188 601 1248 δι
626 1190 725 1269 pacit,
747 1186 880 1249 nihiluo

190 1267 402 1347 conspiratione
423 1267 559 1347 audiebat
569 1285 714 1331 certorum
724 1267 882 1327 homiuum

192 1365 294 1409 contra
317 1348 486 1429 dignitatem
509 1365 602 1413 ruant.
624 1347 711 1427 Quae
727 1367 816 1428 quum
836 1349 877 1409 ita

190 1425 300 1502 essent,
316 1445 416 1489 tamen
435 1425 524 1508 usque
543 1429 581 1488 ei>
599 1425 630 1489 se
645 1429 759 1500 tenuit,
775 1426 876 1507 quoae

188 1529 207 1568 a
220 1506 284 1578 Cn„
294 1508 438 1589 Pompeio
455 1508 492 1569 ad
507 1527 581 1569 eunt.
596 1509 704 1590 legati,
714 1506 878 1588 bueraque

187 1605 346 1651 venerunt.
545 1644 547 1649 .
692 1643 695 1649 .

195 1722 204 1737 .,
236 1686 284 1728 aa.
302 1665 444 1750 Ignosce,
463 1665 599 1749 ignosce,
621 1665 736 1742 Cesar,
761 1670 785 1729 si
810 1664 876 1747 ejus

186 1749 244 1809 viri
257 1747 419 1808 auiioritati
429 1767 480 1806 rex
491 1744 649 1825 Deiotarus
666 1752 770 1822 cessit,
784 1769 875 1830 quern

187 1850 246 1890 uos
266 1846 371 1893 ornnes
388 1824 475 1887 secuti
495 1825 649 1889 sumusiin
671 1849 759 1909 quern
781 1849 872 1909 quum

188 1909 228 1969 dii
240 1924 269 1969 at
310 1928 328 1969 e
347 1908 481 1968 homines
498 1911 597 1969 omnia
614 1925 784 1968 ornamenta
799 1930 877 1969 con-

187 1930 355 2070 gessisset,
371 2004 435 2054 turn
447 2004 479 2047 tu
498 1986 558 2084 ipse
577 1988 719 2068 plurima,
734 1989 766 2048 δι
780 1991 873 2049 maxi·

187 2089 249 2130 rna.
274 2067 380 2149 Neque
399 2069 477 2129 enirn
494 2090 517 2128 ar
536 2086 591 2129 tuae
609 2088 654 2132 res
679 2073 764 2152 gesta
788 2087 875 2131 cete-

187 2170 289 2211 rorum
313 2148 445 2213 laudibus
465 2148 670 2215 obscuritatem
691 2150 875 2224 attulerunte

187 2229 297 2305 idcirco
311 2226 510 2311 Cn.-Potnpeii
521 2228 697 2292 memoriam
707 2231 867 2291 amisimus:

187 2327 330 2391 quantum
340 2330 447 2371 nornen
459 2307 637 2388 ejusfuerit,
652 2327 767 2390 quantae
782 2332 872 2390 opes,

187 2407 296 2471 quanta
316 2390 346 2449 in
366 2391 450 2451 omni
463 2400 571 2472 genere
589 2388 734 2451 bellorum
753 2389 868 2471 gloria,

211 2472 290 2531 uenti
313 2469 440 2536 honores
467 2471 568 2552 populi
590 2469 741 2543 Romani,
771 2473 879 2550 quanti

187 2491 321 2623 senatun
341 2553 438 2631 quanti
454 2554 515 2623 rui,
537 2552 599 2630 quis
624 2549 758 2630 ignorat?
784 2551 873 2629 tanto

184 2630 237 2691 isle
254 2629 413 2710 superiores
435 2633 543 2690 vicerat
563 2629 678 2707 gloria,
702 2629 816 2708 quantb
838 2646 879 2690 tu.

184 2711 322 2771 omnibus
370 2709 507 2771 rastitisti.
529 2706 635 2786 ,Itaque
660 2705 717 2766 Cn.
735 2706 872 2788 Pompeii

183 2791 281 2864 bella,
305 2733 460 2863 vicinias,
484 2787 645 2867 triumphos
655 2831 666 2858 ,
687 2784 879 2860 consulatui„

181 2869 869 2952 admirantesnunrerabanrus:tuosentuuetase

183 2973 244 3014 non
269 2940 428 3034 possumus.
690 2951 692 2957 '

848 3232 989 3362 Γ
