2125 3784
260 385 337 441 200
374 362 429 433 sn
452 363 505 436 M.
533 365 827 437 Aucouruar

254 477 389 561 jugerum
407 482 502 561 campi
518 479 656 540 Leontini
667 477 737 540 Sex.
748 477 865 541 Clodio
878 478 947 541 rhei

256 560 314 620 tori
340 558 507 641 assignasti,
531 561 565 630 δι
585 560 703 641 quidem
729 562 896 632 immunia,
918 574 946 619 ut

255 656 313 779 ppo
331 656 413 700 tanta
433 642 572 701 mercede
596 639 667 700 nihil
684 638 786 720 sapere
814 638 945 699 disceres.

252 785 262 799 ,
289 740 338 779 um
357 723 445 782 eriam
461 720 539 794 hoc,
564 721 656 790 homo
678 718 894 794 audacissime,
911 739 945 779 ex

256 796 376 861 Caesaris
388 800 624 861 commentariis?
643 797 703 860 Sed
719 799 816 860 dicam
828 800 889 873 alio
902 798 944 877 lo·

256 899 315 953 co,
336 881 370 941 ὅ(
388 883 425 941 de
439 880 587 955 Leontino
602 900 694 962 agro,
713 879 800 941 &de
817 876 944 960 Campa·

256 979 321 1033 ¹¹03
337 981 411 1040 quos
426 958 476 1020 iste
492 983 508 1020 a
529 983 600 1033 ros,
620 977 738 1040 ereptos
759 959 942 1040 reipublicae,

255 1041 425 1120 turpissimis
450 1062 490 1120 po
514 1039 650 1102 efforibus
674 1041 849 1120 inquinavit.
883 1039 944 1100 Jam

257 1121 359 1195 enim,
380 1122 519 1201 quoniam
537 1121 699 1181 criminibus
717 1118 780 1198 ejus
798 1117 865 1181 fatis
882 1139 942 1180 res·

255 1200 370 1280 pondi,
392 1199 429 1260 de
442 1199 504 1280 ipso
518 1201 706 1276 emendatore
726 1200 760 1276 ὅ(
780 1196 942 1261 εοπεθοιε

256 1277 356 1341 nostro
383 1280 517 1361 quaedam
541 1281 664 1355 dicenda
684 1278 748 1341 sunt
764 1299 772 1339 :
790 1299 848 1340 nec
869 1280 942 1338 enisu

256 1363 358 1421 omnia
375 1358 541 1435 effundam,
558 1377 612 1435 ut,
627 1363 650 1421 si
666 1362 769 1441 saepius
790 1360 943 1438 decertare*

257 1438 330 1501 dum
345 1441 401 1515 sit,
421 1459 452 1501 ut
472 1443 546 1515 erit,
560 1439 673 1522 semper
690 1460 786 1502 novus
804 1441 943 1512 veniam

256 1540 345 1602 quam
360 1519 525 1584 facultatem
544 1521 614 1582 mihi
631 1520 786 1581 multitudo
804 1517 882 1580 istius
897 1520 943 1581 vi·

255 1604 384 1675 tiorum,
401 1620 645 1683 peccatorumque
654 1601 780 1724 larpitur.
795 1599 886 1661 Visne
895 1600 943 1683 igi·

257 1698 305 1742 tur
321 1699 352 1742 te
372 1682 581 1763 inspiciamusa
598 1701 708 1764 puero.
729 1683 770 1741 sic
786 1683 944 1762 opinorza

257 1763 349 1845 princi
370 1763 400 1820 io
418 1763 575 1822 ordiamur.
920 1828 923 1839 Ι

258 1864 262 1873 ·
300 1783 443 1902 xslll.
459 1841 595 1904 Tenesne
612 1839 772 1921 memorii,
790 1855 944 1981 praerexqq·

257 1937 362 1982 tumre
375 1922 539 1983 decoxisse?
554 1920 698 1998 Patris,in
721 1924 803 1993 uies,
816 1919 868 1981 ista
883 1943 898 1980 c

257 2023 297 2084 pa
307 2000 358 2061 est.
373 2000 517 2075 Concedo
531 2024 539 2061 ι
558 2004 667 2064 etenim
681 1943 721 2062 ed
732 2003 845 2082 pietatis
856 2001 943 2083 plena

258 2079 403 2141 defensio.
421 2081 496 2142 Illud
510 2099 609 2144 tamen
627 2083 751 2144 audaciae
766 2100 843 2155 tuae,
864 2080 944 2163 qubd

256 2159 351 2220 sedisti
372 2162 401 2220 in
425 2163 644 2242 quatuordecim
669 2162 837 2235 ordinibus,
855 2180 943 2242 quum

259 2238 330 2302 effer
340 2241 406 2323 lege
421 2242 524 2304 Roscii
539 2242 739 2304 decosioribus
755 2259 848 2302 certus
864 2243 944 2301 locus

257 2320 446 2397 constitutus,
465 2325 596 2405 quamvis
617 2327 681 2404 quis
705 2318 829 2383 sortunae
849 2324 944 2394 vitio,

257 2423 319 2463 non
347 2401 397 2462 suo
427 2401 594 2465 decoxiffer.
633 2400 782 2483 Sumpsisti
808 2403 944 2472 virilem,

258 2503 347 2564 quam
366 2481 459 2544 statim
475 2484 647 2544 muliebrem
666 2501 766 2565 togam
779 2480 945 2542 reddidisti:

257 2563 355 2644 primi>
371 2564 490 2646 vulgare
509 2564 653 2625 scortum:
669 2581 747 2624 certa
757 2563 859 2644 flagitii
869 2582 946 2639 met·

257 2665 328 2720 ces,
350 2664 405 2705 nec
426 2666 461 2705 ea
478 2666 586 2726 parva:
602 2643 651 2704 sed
669 2645 726 2704 citb
744 2641 835 2703 Curio
855 2643 946 2703 inter·

258 2727 359 2798 venit,
372 2726 420 2806 qui
432 2742 461 2786 te
474 2749 490 2786 a
503 2726 667 2786 meretricio
708 2720 794 2784 uaestu
809 2721 947 2795 abduxit3

259 2801 315 2877 &‚
332 2820 478 2885 tamquam
499 2805 601 2866 stolam
623 2746 768 2875 dedisset,
789 2805 822 2864 in
844 2804 947 2886 matti·

258 2884 362 2946 monio
382 2882 475 2948 stabili
496 2886 530 2950 δι
549 2900 631 2961 certo
650 2885 777 2949 locavit.

139 3278 334 3456 ,ἢ
