2125 3784
195 336 247 407 60
418 329 647 397 Onnrro
696 368 699 373 -

192 447 225 509 re
243 441 312 505 esset
330 460 466 525 paratus:
485 444 599 526 semper
618 443 669 505 ille
690 439 726 503 &
744 458 880 523 quacum

191 523 338 587 interesset
359 523 392 585 P.
412 523 513 586 Clodii
530 524 560 585 se
582 526 698 605 perire,
723 521 759 583 &
796 540 878 586 nanto

191 605 234 667 illi
254 606 323 666 odio
346 604 437 681 essct,
457 606 490 667 &
508 625 647 686 quantum
665 603 715 663 ille
733 543 880 676 auseret,

193 685 349 768 cogitabat.
364 686 571 767 Quamobrem
581 687 674 746 vitam
683 683 767 743 suam
777 727 787 757 ,
796 703 880 765 quant

193 768 324 827 maximis
342 769 464 848 ptaemiis
478 768 661 847 propositam
677 765 710 825 ἃ
727 782 808 843 pene
827 762 879 824 ad·

192 846 300 942 ‹iiiiam
321 846 456 921 sciebat,
480 866 638 927 numquam
652 844 695 938 ‘in
721 843 882 938 periculum

193 923 880 1084 ppdgrgssppgdseuggcppffigdgffitu

193 1110 281 1162 rum,
300 1088 486 1170 Martemque
504 1104 691 1148 communem
711 1127 723 1158 ,
741 1086 791 1165 qui
809 1024 881 1167 εἷς

193 1167 367 1251 spoliantem
383 1167 442 1247 jam
454 1165 685 1229 &exsultantem
703 1167 815 1226 evertit
826 1210 837 1240 ,
849 1165 882 1225 δι

194 1251 316 1331 perculit
333 1250 369 1311 ab
386 1247 522 1329 abjeiio:
540 1246 615 1309 adde
633 1244 776 1306 inscitiam
795 1266 881 1327 pran-

195 1331 240 1402 si,
258 1332 340 1409 poti,
355 1327 499 1390 oscitantis
513 1328 593 1387 ducis
604 1348 614 1399 ;
625 1328 674 1407 qui
688 1327 881 1407 quum‘atet·

194 1429 235 1492 go
249 1407 362 1470 hostem
372 1407 556 1471 interclusum
572 1404 747 1488 reliquisset,
763 1406 835 1466 nihil
845 1407 880 1468 de

196 1487 260 1569 ejus
274 1491 409 1553 extremis
422 1488 576 1550 comitibus
591 1488 746 1568 cogitavit:
761 1487 791 1547 in
808 1508 884 1569 quos

194 1570 329 1633 incensos
346 1570 410 1645 ira,
425 1571 574 1650 vitamque
595 1567 707 1629 domini
724 1565 882 1647 desperau-

195 1668 242 1711 tes
258 1673 347 1732 quum
368 1649 534 1721 incidisset,
553 1649 635 1709 haesit
652 1650 681 1708 in
705 1646 738 1706 iis
761 1650 883 1728 poenis,

196 1750 268 1810 quas
288 1731 323 1791 ab
345 1750 383 1793 eo
401 1730 476 1793 servi
497 1727 599 1794 fideles
614 1750 668 1810 pro
688 1727 803 1791 domini
822 1729 882 1792 vita

195 1813 411 1891 expetiverunt.
552 1860 564 1883 ,

242 1911 289 1974 57.
315 1891 375 1953 Cur
390 1895 475 1977 igitur
490 1913 543 1953 eos
559 1887 745 1951 manumisit?
764 1902 881 1950 metue·

195 1972 248 2033 bat
266 1974 397 2046 scilicet,
424 1995 462 2034 ne
478 1974 636 2033 indicarent
655 1991 665 2044 ;
683 1989 721 2031 ne
743 1968 883 2031 dolorem

171 2099 176 2108 .
195 2050 325 2131 perferre
343 2073 404 2112 non
420 2051 533 2133 possent
544 2075 554 2127 ;
566 2073 604 2113 ne
620 2050 773 2112 tormentis
789 2069 880 2132 coge·

114 2152 117 2157 ·
196 2147 296 2190 rentur
321 2132 447 2193 occisum
473 2133 529 2195 esse
554 2155 571 2193 a
594 2131 682 2194 servis
706 2129 829 2191 Milonis
851 2150 882 2189 ut

195 2208 297 2291 Appia
324 2215 373 2272 via
398 2212 431 2273 P.
457 2211 597 2274 Clodium
625 2209 770 2272 confiteri.
796 2208 883 2289 Quid

196 2312 270 2372 opus
290 2290 332 2351 est
355 2293 491 2355 tortore?
515 2294 584 2374 quid
603 2294 703 2372 quaeris
723 2291 735 2351 i
759 2289 881 2351 occide·

195 2371 293 2431 rime?
312 2374 429 2434 occidit.
453 2374 520 2434 Jure
531 2418 541 2446 ‚
554 2394 590 2432 an
606 2370 729 2451 injurii?
752 2369 826 2431 nihil
841 2370 883 2431 ad

197 2468 353 2514 tortorem.
374 2453 454 2513 rani
475 2457 554 2513 enim
573 2455 603 2511 in
618 2452 744 2532 equuleo
759 2449 883 2533 questio

198 2532 259 2607 est,
278 2530 344 2592 'uris
359 2535 389 2593 in
407 2530 528 2612 judicio«

237 2555 353 2676 Xisll.
381 2614 474 2694 Quod
493 2617 578 2697 igitur
595 2616 624 2674 in
644 2611 724 2672 causa
742 2632 879 2694 quaeren·

187 2693 266 2753 'dum
284 2693 324 2756 est
339 2740 349 2769 ‚
364 2695 395 2756 id
414 2718 530 2779 agamus
545 2697 609 2755 hic:
629 2692 709 2772 quod
726 2696 882 2754 tormentis

197 2772 327 2835 invenire
361 2780 406 2839 vis
431 2824 443 2850 ,
468 2777 498 2835 id
520 2773 654 2835 fatemur.
686 2773 777 2833 Manu
803 2776 879 2834 verb

198 2870 249 2914 cur
267 2853 372 2917 artiserit
380 2901 394 2932 ,
407 2861 432 2922 si
446 2857 476 2919 id
485 2856 581 2939 potiits
594 2855 717 2938 quetis,¹
726 2852 816 2937 quim
828 2875 880 2920 cur
