2125 3784
275 420 356 478 mo
389 407 502 476 Rana
528 404 763 478 ummo.
803 416 880 500 137

192 521 294 601 punias
314 518 367 594 fit,
386 521 487 600 quod,
511 539 601 601 quum
619 516 659 579 est
684 517 808 593 facium,-
825 540 880 582 ne·

193 603 253 681 gari
264 599 370 680 potest.
385 601 416 661 Si
432 601 528 680 palam
543 618 573 661 te
583 597 792 671 interemisset,
810 609 875 659 oni·-

187 682 272 757 uium
288 683 319 739 in
339 679 368 741 se'
388 683 519 760 gentium
537 700 597 740 non
612 678 710 744 solum,
724 679 809 751 odia,
826 679 876 741 sed

188 761 280 821 etiam
294 781 375 819 arma
389 758 573 821 convertiffet
583 780 592 818 :
604 761 627 818 si
642 773 780 831 veneno,
793 758 877 821 lovis

184 839 265 917 ¹illius
282 838 402 920 quidem
422 838 566 920 Hospitalis
587 858 695 898 numen
714 859 784 899 num
805 859 873 901 uam

187 919 289 980 celare
305 917 454 999 potuisset,
473 921 607 982 homines
624 916 740 979 fcrtaffe
755 860 876 980 ceiavis·

185 998 244 1061 set«
269 998 362 1078 Quod
382 1001 466 1081 igitur
487 1002 519 1062 &
545 999 684 1061 occultius
700 1001 820 1072 conari,
844 998 877 1059 &

136 1086 137 1091 ’
187 1077 309 1140 efficere
324 1081 430 1141 caucius
444 1083 560 1162 potuit3
573 1080 604 1138 id
617 1078 690 1150 tibi,
711 1079 743 1140 &
759 1079 877 1142 medico

187 1159 319 1230 callido,
339 1161 370 1221 &
385 1160 488 1235 servo,
507 1179 540 1222 ut
576 1159 691 1232 utabac,
706 1157 803 1231 fideli,
815 1179 876 1219 non

190 1239 336 1312 credidit3
358 1239 395 1301 de
415 1242 500 1301 armis
515 1287 524 1316 ,
568 1261 584 1300 e
599 1239 701 1311 ferro,
719 1238 757 1299 de
770 1237 879 1299 insidiis

189 1318 287 1378 celare
304 1335 332 1378 te
349 1321 464 1387 noluit?
484 1320 526 1381 At
543 1318 629 1400 quim
649 1317 750 1379 festive
767 1321 877 1379 crimen

188 1399 372 1459 contexitur?
395 1398 462 1460 Tua
484 1417 536 1472 te,
554 1401 668 1480 inquit,
690 1398 793 1458 eadem
811 1419 877 1478 quau

186 1476 322 1559 semper,
340 1478 456 1540 fortuna
474 1477 600 1540 servavit
622 1499 630 1539 :
653 1475 790 1559 negavisti
813 1493 877 1539 tum

188 1572 219 1619 te
240 1556 379 1636 inspicere
398 1559 489 1617 velle.

228 1635 317 1696 vll.
338 1635 423 1714 Quid
437 1628 562 1717 postea?
581 1650 619 1694 >an
637 1631 817 1714 Deiotarus,
842 1657 874 1700 re

185 1714 240 1778 illo
261 1731 398 1796 tempore
421 1737 482 1776 non
500 1713 650 1794 perfecie,
670 1717 809 1778 continub
829 1717 875 1781 di-

182 1797 267 1858 misit
288 1795 471 1864 exercitum?
504 1795 596 1865 nullus
624 1812 686 1857 erat
709 1796 778 1857 alius
803 1799 875 1862 iusi.-

187 1875 290 1937 diandi
306 1875 409 1937 locus?
424 1875 467 1936 At
484 1873 591 1935 endem
607 1889 657 1947 te,
671 1891 761 1955 quum
780 1890 879 1943 coeneq

189 1953 296 2028 visses,
321 1956 479 2025 rediturum
499 1955 631 2027 dixeram
654 1957 751 2034 itique
774 1954 875 2021 fecisti.

184 2034 307 2107 ‚Horam
319 2058 404 2097 unam
420 2053 469 2103 aut
488 2035 557 2095 duas
569 2035 677 2096 eodem
693 2035 762 2097 loco
779 2057 874 2098 arma·

183 2133 256 2190 cos,
272 2133 304 2177 ut
332 2117 469 2177 collocati
496 2114 629 2188 fuerant,
655 2117 780 2177 retinere
805 2137 873 2177 ma·

188 2216 282 2287 guum
297 2194 383 2257 fuiti·
405 2216 473 2259 uum
487 2197 517 2256 in
537 2197 676 2257 convivio
695 2199 818 2258 comitet
840 2199 873 2258 δι

187 2274 315 2356 jucunde
335 2219 449 2350 finies,
468 2293 529 2336 tum
547 2277 613 2336 illuc
629 2275 703 2336 ivisti
715 2320 725 2348 ‚
738 2293 771 2336 ut
790 2277 873 2337 dixe·

185 2375 256 2416 rasa
272 2376 333 2436 quo
352 2357 381 2415 in
403 2356 471 2415 loco
492 2353 669 2432 Deiotarum
688 2357 777 2416 talem
803 2375 872 2439 erga

187 2452 219 2495 te
232 2435 409 2516 cognovisti,
423 2436 514 2516 qualis
526 2456 577 2497 rex
588 2437 703 2495 Attalus
714 2439 743 2495 in
752 2433 784 2494 P.
793 2435 875 2495 Afri·

189 2534 297 2575 canum
308 2515 387 2589 ¹fuit;
406 2518 449 2575 cui
469 2515 749 2596 magnificentissima
771 2515 873 2586 dona,

186 2613 220 2655 ut
239 2593 373 2676 scriptum
383 2596 525 2677 legimus,
539 2594 672 2674 usquead
686 2593 873 2653 Numantiam

184 2677 264 2748 misit
281 2695 318 2735 ex
331 2675 421 2748 Asia3
437 2696 499 2755 quae
511 2674 683 2742 Africanus·,
697 2671 873 2752 inspeciante

183 2758 336 2830 exercitu,
362 2758 483 2836 accepit.
511 2753 605 2833 Quod
631 2772 719 2831 quum
747 2750 868 2835 praeseus

186 2833 349 2915 Deiotarus
360 2856 391 2896 re
412 2837 442 2895 io
457 2835 489 2895 &
502 2836 618 2906 enimn,
638 2834 668 2892 &
691 2840 773 2895 moie
784 2830 869 2913 fecis-e

184 2913 299 2993 ,set„tu
315 2919 347 2979 in
368 2936 383 2981 c
424 2915 531 2979 iculum
543 2911 703 2987 ,discessisti-
