2125 3784
237 358 316 424 ω
467 339 696 417 OnArto

236 465 277 529 ‚de
299 462 328 525 se
347 460 452 523 eadem
472 462 621 536 dicerem,
637 459 834 545 ignosceret:
856 453 925 540 cuim

238 565 297 625 ego
315 540 478 616 industrie,
494 544 653 624 gloriaeque
672 542 768 604 faveo
780 585 791 615 ‚
804 542 855 601 vel
865 562 926 621 pro·

237 642 305 705 pter
322 625 515 703 propinquam
532 625 770 703 cognationem,
788 622 841 682 vel
856 619 926 702 quiid

239 700 303 782 ejus
329 704 479 783 ingenio,
504 699 658 783 studiisque
685 700 857 774 delector,
884 700 926 795 iel

239 781 321 864 quod
339 783 455 842 laudem
469 780 661 844 adolescentis
678 783 795 864 propin
837 783 845 797 '
863 800 939 849 exu-¹

240 866 315 923 timo
330 864 418 923 etiam
434 861 472 922 ad
484 882 585 925 meum
600 862 730 945 aliquem
748 860 800 922 fiu
890 880 929 923 re·

241 942 384 1004 dundare.

281 1041 312 1102 9³
338 1022 398 1084 Sed
412 1022 470 1082 hoc
485 1043 606 1105 quero,
622 1022 687 1163 quis
701 1038 793 1103 putet
809 1019 868 1085 ess'e
881 1018 931 1083 cti·

240 1123 336 1176 men,
354 1100 434 1164 fuiffe
453 1106 483 1162 in
503 1103 602 1163 Africa
648 1103 807 1185 igariuml
829 1112 930 1184 uemp'e

241 1184 289 1259 ia,
308 1186 357 1266 qui
380 1185 435 1244 &i
458 1183 486 1243 se
501 1186 532 1243 in
551 1182 656 1245 eadem
677 1180 786 1245 Africa
806 1181 866 1244 elle
881 1202 933 1243 vo·

242 1264 313 1338 luit,
334 1265 433 1345 &pro
456 1265 558 1324 'bitum
570 1261 599 1323 se
618 1284 636 1323 a
651 1261 685 1321 Li
751 1283 773 1324 o
787 1264 933 1344 queritur,

245 1344 279 1406 &
297 1344 376 1404 certe
397 1360 498 1405 contra
516 1341 609 1425 ipsum
625 1283 750 1403 (εἴ
797 1341 843 1403 est
864 1363 934 1405 coo-

267 1422 353 1485 tellus
379 1440 514 1483 armatus.
541 1421 624 1502 Quid
648 1423 729 1482 enim
750 1465 762 1497 ,
786 1421 934 1499 Tubero,

244 1444 395 1567 destridlua
411 1505 460 1564 ille
479 1519 544 1563 tuus
565 1505 595 1563 in
617 1505 677 1562 acie
697 1500 865 1565 Pharsalica
878 1502 935 1586 gla-

221 1595 226 1602 ’
246 1585 313 1646 dius
329 1583 457 1668 agebat?
473 1581 554 1663 cujus
564 1584 637 1647 latus
655 1582 704 1644 illa
722 1603 831 1645 mucro
850 1602 935 1667 pete·

247 1664 329 1727 bat?
354 1667 403 1745 qui
421 1664 513 1725 sensus
535 1682 596 1760 erat
617 1678 767 1724 armorum
786 1661 935 1758 tuom?

248 1765 315 1887 ll}
327 1743 955 1906 ‘lllsslsslt‘zillllllssliilidi·

249 1926 343 1988 urgeo
363 1926 371 1964 :
394 1906 579 1966 commoveri
598 1905 715 1966 viderur
736 1904 935 1969 adolescens:

251 1987 291 2047 ad
309 2006 357 2044 me
374 2003 519 2045 revertar:
538 1985 637 2046 iisdem
654 1987 683 2044 iu
699 1987 785 2044 armis
796 1986 848 2055 fui,

291 2060 354 2121 lV.
377 2062 460 2141 Quid
476 2081 574 2126 autem
591 2065 667 2126 aliud
685 2067 819 2147 egimus,
832 2064 938 2139 Tube·

251 2162 315 2283 lt
326 2142 938 2308 rulssillgillrllrmerul·

233 2294 308 2364 'tuae
334 2301 495 2364 clementiae
512 2305 574 2366 laus
592 2305 634 2366 est
654 2352 664 2381 ,
684 2272 798 2367 eorum,
810 2271 937 2388 ipsorurd

252 2383 290 2445 ad
309 2383 508 2444 crudelitatem
525 2404 557 2446 te
579 2404 663 2447 acuet
687 2386 813 2449 oratio?
837 2386 950 2470 Atque=

250 2465 282 2527 io
299 2463 353 2525 hac
368 2463 450 2523 causa
466 2464 596 2523 nonnihil
613 2467 769 2546 equidem,
791 2465 937 2542 Tubero,
961 2528 965 2539 ,

252 2547 341 2611 etiam
360 2559 441 2605 tuam
462 2587 472 2618 ,
493 2542 543 2604 sed
561 2546 654 2605 multi>
675 2550 766 2630 magis
787 2551 880 2628 patris
898 2548 939 2611 tui

251 2627 435 2719 prudentiam
452 2624 587 2686 desidero
596 2647 606 2699 ;
627 2627 707 2708 quod
720 2629 832 2705 homo,
848 2646 938 2710 quum

252 2711 369 2787 ingenio
391 2753 402 2782 ,
424 2724 485 2767 tum
504 2707 592 2767 etiam
610 2707 741 2767 dodlrind
763 2708 939 2783 excellens,

254 2801 344 2862 genus
359 2788 417 2848 hoc
433 2785 521 2848 causae
539 2786 621 2867 quod
636 2784 724 2861 effet,
737 2809 799 2848 non
814 2788 938 2859 videtin

254 2881 342 2937 nam,
360 2870 383 2926 si
396 2865 509 2931 vidiilet
518 2911 529 2942 ,
549 2867 656 2955 quovis
671 2865 805 2950 profedlb
824 2867 939 2952 ,quim
