2125 3784
267 406 348 509 476
382 405 440 478 lu
463 399 517 476 M.
542 399 852 475 Aurorttvrs

304 525 345 584 V.
364 522 415 586 An
431 523 455 582 si
467 523 529 601 quis
549 519 755 600 Hispanorum
762 558 778 592 ,·
794 534 843 580 aut'
856 511 939 597 Galli}
957 566 959 571 -
980 475 990 612 ἒ

265 624 350 678 rum,
374 620 422 663 aut
440 601 587 662 Thracum
607 600 691 660 mille
718 618 773 660 aut
795 601 856 661 duo·
875 599 941 660 milit

265 683 435 756 occidillet‚
461 701 528 743 eum
554 682 609 740 hac
638 680 877 755 consuetudine,
896 694 943 761 qu
977 718 990 765 ι

266 765 439 836 increbuit,
462 765 671 843 imperatorem
694 763 864 843 appellaret
885 757 946 821 senat
978 779 990 839 ᾗ

266 862 313 903 tus
336 844 347 903 ἓ
377 860 421 904 tot
446 843 609 924 legionibus
626 842 709 900 caesis
728 885 742 913 ,
765 843 848 902 tanti
869 840 946 901 multi·
979 880 990 920 α

270 925 373 984 tudine
395 921 517 983 hostium
544 920 698 982 intersedii
723 966 734 996 ,
767 922 892 982 hostiurn
913 920 946 980 di·
980 955 990 1003 p

270 1004 331 1064 co?
352 1000 728 1083 ita‚inquam,hostium,
755 1000 945 1083 quamvishot
983 1043 990 1082 ι

269 1083 312 1144 isti
328 1083 424 1143 hostes
439 1080 586 1142 domestici
599 1081 718 1152 nolint,
740 1084 903 1143 clarissimis
911 1082 946 1143 du
985 1119 990 1171 ι

271 1165 351 1224 cibus
366 1163 604 1245 supplicationum
619 1162 774 1222 honorem
791 1164 946 1237 tribuemus,
988 1234 990 1239 k

274 1247 483 1326 imperatorum
500 1261 609 1302 nomen
631 1242 824 1305 adimemus?
844 1245 947 1324 Quanto

273 1327 350 1386 enim
365 1326 500 1396 honore,
520 1323 637 1392 laetitii,
655 1323 858 1404 gratulatione
869 1326 896 1384 in
906 1325 947 1385 hot

274 1405 419 1486 templum
435 1402 548 1487 ingredi
561 1402 672 1463 debent
686 1404 730 1462 illi
747 1406 806 1485 ipsi
819 1404 901 1484 hujus
913 1425 948 1465 ur·

273 1485 318 1546 bis
344 1487 510 1546 liberatores
531 1528 541 1556 ,
563 1503 653 1564 quum
669 1481 810 1546 hesterno
830 1486 876 1548 die
892 1506 948 1568 pro·

276 1583 344 1649 pter
376 1587 477 1627 eorum
500 1584 546 1624 res
569 1562 660 1645 gestas
689 1582 744 1625 me
764 1566 950 1628 ovantem&
986 1614 989 1649 ,

274 1668 332 1743 pro
357 1647 372 1707 ὲ
394 1645 639 1726 triumphantem,
661 1644 793 1726 populus
817 1646 951 1715 Romanu
987 1654 989 1663 ’

273 1749 305 1788 nt
317 1669 496 1807 (lapitolium
514 1726 606 1787 domo
618 1723 718 1786 tulerit
731 1769 742 1802 ,
763 1727 886 1790 domum
895 1727 951 1788 inde

276 1807 446 1871 reduxerit?

321 1908 367 1968 13.
388 1888 416 1950 ls
437 1890 514 1952 enim
534 1884 653 1952 demum
673 1882 741 1963 est,
762 1890 829 1952 mel
843 1884 953 1971 quidem

274 1969 434 2045 sententia,
445 1970 531 2051 julius
540 1971 700 2052 triumphus
709 1991 745 2030 ac
756 1991 862 2044 verus,
874 1986 954 2052 quum

276 2052 353 2113 bene
378 2053 415 2112 de
435 2051 583 2128 republica
605 2053 714 2112 meritis
733 2050 954 2113 testimonium

275 2131 412 2192 consensu
428 2131 550 2190 civitatis
564 2132 664 2191 datur:
675 2152 745 2192 nam
759 2137 824 2194 sive
842 2134 870 2192 in
882 2148 956 2193 com·

275 2215 355 2272 muni
372 2209 478 2294 gaudio
501 2213 601 2291 populi
620 2212 750 2291 Romani
769 2217 820 2274 uni
839 2213 955 2296 gratula-

276 2292 401 2366 bantur,
431 2307 567 2375 magnum
593 2290 754 2371 judicium
781 2298 844 2354 sive
864 2294 958 2377 gratias

277 2375 421 2456 agebant,
440 2375 477 2433 eb
498 2371 608 2451 majus;
622 2375 686 2432 sive
703 2392 878 2456 utrumque,
896 2373 959 2434 nihil

277 2452 505 2536 magnificentius
521 2455 677 2534 excogitari
689 2454 801 2533 potest.
822 2454 867 2515 Tu
880 2455 959 2535 igitur

277 2534 337 2615 ipse
357 2535 393 2595 de
411 2532 467 2593 te?
485 2533 586 2593 dixerit
609 2531 759 2613 quispiam.
789 2535 827 2596 Et
846 2535 958 2616 quidem

277 2615 406 2676 invitus:
425 2614 475 2675 sed
490 2612 600 2692 injuriae
615 2615 701 2674 dolor
714 2614 786 2676 facit
806 2635 874 2691 me,
891 2635 958 2698 prae·

277 2711 322 2756 ter
335 2693 594 2768 consuetudinem,
615 2694 787 2778 gloriosum.
804 2696 911 2758 Nonne
921 2695 957 2756 sa·

276 2778 315 2836 tis
336 2775 431 2836 eliab
457 2775 619 2836 hominibus
637 2778 752 2836 virtutis
778 2780 885 2860 ignaris
901 2796 959 2860 gra·

277 2857 349 2914 tiam
365 2857 442 2915 bene
463 2859 638 2918 merentibus
658 2873 720 2916 non
738 2857 863 2919 referri?
883 2861 960 2918 etiam

276 2935 308 2999 in
327 2953 399 3010 eos,
421 2941 471 3017 qui
485 2958 589 3001 omnes
604 2937 667 3000 suas
682 2958 766 3003 curas
783 2941 817 3001 in
831 2938 961 3023 reipublie

171 3204 373 3394 fx
