2125 3784
330 316 750 435 Purrrrrrcr-H.
803 368 883 458 229

192 470 238 539 sn'
256 471 373 540 Caet‘ari's
394 479 514 540 decreto
537 477 628 541 Creta
644 477 708 561 post
729 479 774 540 lt.
798 479 882 542 Bruti

191 558 344 620 decessum
365 563 460 640 potuit
472 560 603 633 liberari,
621 579 708 642 quum
729 558 818 622 Creta
831 563 881 621 ni-.

192 638 236 698 lril
249 639 287 699 ad
306 639 445 711 Brutum,
462 638 576 699 Caesare
591 642 684 713 viro,
698 638 879 720 pertineret?

192 718 240 780 Ar
258 717 343 799 hujus
358 720 529 781 venditione
549 721 656 782 decreti
672 719 685 802 (
702 741 738 780 ne
751 722 820 780 nihil
831 739 880 779 ac·

192 799 879 963 lldbssllllllllufttlflillss

192 974 264 1031 tor,
283 962 327 1020 cui
349 960 471 1022 defuerit
483 961 529 1020 hic
541 961 693 1022 vendiron

235 1039 286 1118 98.
316 1039 353 1100 Et
368 1041 406 1102 de
426 1041 564 1102 exsulibus
583 1043 708 1124 legem,
730 1060 817 1123 quarn
840 1039 878 1100 dd

191 1120 276 1194 xisti,
289 1117 383 1181 Caesar
398 1121 483 1181 tulit?
499 1121 612 1182 Nullius
624 1121 746 1182 inseiior
759 1123 879 1181 calami·

191 1202 288 1262 tatetn'
295 1221 302 1259 ε
313 1204 427 1262 tanturn·
440 1218 564 1283 querar,
577 1205 701 1288 primum
715 1222 819 1263 eorum
829 1209 886 1261 te·‘

191 1281 270 1342 ditus
286 1283 471 1363 inquinatos,
488 1298 616 1362 quorunt
629 1281 878 1341 causam-dissinia

187 1361 253 1423 lem
274 1358 370 1422 Casan
384 1360 557 1441 judicaverit
568 1377 582 1420 τ
594 1361 705 1422 deinde
715 1362 808 1422 neseio
824 1379 876 1422 cur

189 1442 309 1523 reliquis
332 1443 412 1502 idem
436 1463 496 1503 non
519 1443 655 1502 tribuas:
677 1461 771 1522 neque
797 1445 876 1503 eninr

187 1523 257 1604 plus
273 1521 360 1602 quint
377 1539 458 1594 tres,
477 1540 526 1583 aut
544 1539 669 1603 quatuor
685 1521 787 1604 reliqui
802 1521 876 1581 sunt.

188 1601 255 1684 Qui
271 1605 354 1662 simili
370 1606 400 1662 in
415 1602 579 1662 calamitate
599 1600 682 1675 sunt,
700 1622 750 1660 cur
761 1602 811 1660 tud
821 1602 877 1660 nti·-

185 1681 348 1744 saticotdii
370 1684 455 1742 simili
478 1703 540 1742 non
564 1682 696 1742 fruuntur
714 1680 734 1740 ὲ·
749 1701 798 1740 cut
823 1698 876 1742 eos

186 1763 282 1825 babes
293 1764 323 1822 in
341 1762 412 1823 locu
424 1764 516 1842 patrui
526 1762 543 1823 i*
553 1763 595 1823 de
642 1785 662 1822 ο
678 1760 772 1845 ferte,
784 1773 874 1843 quum

191 1842 232 1905 de
256 1843 307 1918 teli
330 1845 372 1902 uis
387 1841 478 1903 ferres
496 1887 506 1916 ‚
524 1843 603 1903 nolui
628 1844 657 1902 i:
720 1862 768 1902 ern
786 1843 874 1902 etiant

190 1922 231 1986 ad
250 1863 397 1984 ceninan
414 1921 576 2006 petendarn
585 1923 685 2003 impuli
710 1924 737 1994 i,
750 1940 875 2002 eamque

189 2005 368 2087 petitionem·
387 2001 655 2084 comparasti,q1m
674 2004 710 2064 dt
724 2001 800 2062 sifus·
814 2002 875 2064 ho⁴

190 2086 322 2159 minum,
339 2084 373 2144 δι
391 2084 521 2165 querelas
535 2099 685 2180 moverer·
834 2163 842 2179 .
863 2102 865 2107 ·

191 2161 873 2326 n÷⁹lrili²lllslzlllllllllllz

191 2343 263 2386 tuen
280 2323 446 2384 nuntiabat?
465 2323 568 2404 Quum
583 2341 633 2384 tuas
645 2325 715 2405 quid
733 2321 872 2396 interest,

183 2404 270 2466 uuile
285 2403 404 2485 auspicia
416 2407 490 2476 sint3
507 2424 596 2485 quum
612 2421 746 2477 tuorum,
760 2423 822 2464 tum
834 2402 872 2465 sir

183 2483 358 2568 religiosus?
378 2483 489 2564 Quid?
510 2487 648 2547 eumdem
665 2488 694 2545 in
713 2486 871 2567 septemviss

189 2582 255 2626 ratu
272 2585 371 2626 nonne
392 2562 539 2625 destituisti
554 2567 566 2627 l
586 2569 745 2627 intervenit·
764 2568 844 2624 eninr
861 2576 877 2625 2·

190 2645 262 2728 quid
280 2643 401 2706 metu’dii
412 2644 427 2704 ὲ
439 2645 549 2720 crede,
564 2665 602 2706 ne
617 2645 696 2705 salvo
710 2646 873 2725 eapite-ne*¹

189 2744 262 2809 gare
270 2745 331 2785 non
341 2722 450 2808 posses,
458 2724 606 2787 Omnibus
615 2745 681 2786 eum
692 2721 874 2784 contumeliis

180 2803 334 2877 ·onerasti,
357 2825 445 2887 quent
459 2808 548 2886 patris
564 2806 652 2878 loco,
667 2806 690 2864 si
706 2803 764 2862 ulla
781 2804 872 2883 pietas

189 2887 220 2952 in
240 2903 272 2946 re
288 2882 379 2960 effer,
398 2885 499 2947 colere
517 2885 664 2947 debebas:
684 2881 773 2944 filiam
788 2879 872 2961 eiust,

179 2964 324 3032 lotorem
340 2982 448 3044 nun,
466 2960 598 3048 ejecisti,
622 2965 677 3031 aul
697 2963 872 3033 conditione
