2125 3784
276 407 607 493 ‘Purrrr’rrcr
642 406 749 477 XII.
787 412 869 500 '429

176 514 393 591 tbaccedere?
414 518 515 581 Restat
532 518 672 584 Aurelia:
689 523 734 595 hic
752 523 873 606 quidem

179 603 272 683 etiam
291 602 423 684 praesidia
439 601 573 669 habebo:
585 600 776 682 pollession'es
793 608 873 675 enirn

180 676 245 745 finnt
256 679 289 742 P.
303 681 424 743 Clodii:
437 699 501 742 tota
515 680 623 742 familia
636 700 787 744 occurret:
800 685 873 744 hose

181 761 257 903 8⁵59
274 763 429 835 invitabit,
447 778 568 849 propter
582 761 805 835 familiaritatem
818 784 874 826 no·

165 912 168 920 Ι
220 860 335 913 sumam,
379 858 382 863 ⁴
905 888 911 898 .

224 918 265 983 X.
282 923 369 986 Hisce
389 943 447 1007 ego
465 942 514 985 me
534 925 589 984 viis
603 926 810 998 committam,
827 923 878 1005 qui

181 998 400 1076 Terminalibus
417 1024 509 1086 nuper
524 1007 554 1064 in
571 1003 757 1088 suburbium²
774 1018 804 1064 ut
821 1024 878 1070 eo.·.

183 1082 255 1145 clem
273 1085 322 1147 die
336 1102 523 1157 reverterer,
542 1087 584 1153 ite
601 1106 663 1158 non
682 1085 744 1145 sum
765 1083 875 1145 ausus?

184 1162 351 1233 'domesticis
362 1165 724 1246 meparietibusvixtueor
732 1167 794 1226 sine
806 1168 892 1225 ami-i

184 1264 291 1306 eorum
313 1244 456 1307 custodiis.
480 1244 583 1325 ltaque
604 1246 634 1305 in
653 1246 724 1319 urbe
744 1264 873 1318 maneo;

186 1322 224 1385 8(
242 1328 267 1385 si
285 1325 405 1400 licebit,
420 1324 549 1393 manebo
559 1346 567 1384 :
577 1326 638 1385 haec
649 1345 715 1385 mea
724 1324 807 1385 sedes
818 1323 879 1403 est,

187 1402 251 1466 brec
268 1407 386 1489 vigilia,
403 1407 464 1479 h'aec
480 1404 624 1480 custodia,
636 1405 695 1466 hoc
714 1405 880 1486 praesidium

187 1480 335 1561 stativum,
351 1485 491 1560 Teneant
507 1487 554 1547 alii
579 1484 688 1557 castra,
708 1505 816 1567 regna,
832 1501 881 1545 res

188 1564 326 1629 bellicas:
342 1568 358 1597 ⁴*
369 1567 486 1642 oderint
502 1565 635 1639 hostem:
649 1586 723 1640 nos,
736 1577 768 1625 ut
779 1564 881 1625 didici·

189 1666 278 1723 mus,
302 1646 474 1731 semperque
491 1647 635 1721 fecimus,
655 1647 759 1707 urbem
785 1646 817 1708 δι
833 1664 880 1705 res

189 1727 314 1800 urbanas
333 1728 485 1799 vobiscum
506 1729 614 1810 pariter
632 1727 790 1800 tuebimur.
813 1722 879 1787 Ne2

189 1826 249 1892 que
267 1808 342 1870 verb
361 1809 462 1882 recuso
483 1830 588 1882 munus
604 1809 684 1883 hoc;
703 1826 880 1901 quamquam

184 1889 336 2031 {epulum
354 1888 522 1963 Romanum
540 1889 632 1957 video
652 1910 708 1975 pro
729 1907 778 1961 nte
795 1907 881 1949 recu·

202 1988 263 2031 are.
283 1968 381 2031 Nemo
396 1991 444 2043 me
458 1973 552 2033 minus
563 1969 696 2044 timidus,
709 1988 799 2030 nemo
812 1989 881 2028 cau·

189 2049 252 2123 ‚tior
266 2069 273 2110 ε
288 2070 334 2112 res
359 2052 503 2113 declarat:
521 2053 677 2132 vigesimus
702 2071 792 2120 annus
817 2047 880 2134 est,

191 2148 284 2273 Pium
310 2151 414 2193 omnes
434 2130 564 2193 scelerati
586 2151 634 2192 me
653 2153 744 2191 unum
765 2135 882 2212 petunt.

209 2227 298 2292 taque
322 2214 400 2294 ipsi,
425 2232 462 2273 ne
482 2212 578 2273 dicam
600 2212 691 2290 milri,
715 2212 881 2292 reipublicae

217 2312 298 2352 oenas
312 2291 472 2356 dederunt:
486 2312 535 2352 me
546 2291 655 2354 salvum
673 2292 767 2350 adhuc
785 2290 884 2370 respu-

191 2312 271 2449 {liea
296 2373 480 2436 conservavit
508 2372 572 2436 sibl.
605 2370 724 2431 Tinide
751 2370 809 2430 hoc
834 2369 883 2428 di·

194 2472 262 2514 cam
277 2473 287 2526 ,ε
305 2453 364 2513 scio
386 2455 463 2522 enim
484 2452 597 2532 quidvis
613 2452 727 2523 homini
748 2449 883 2511 accidere

185 2538 191 2550 ⁰
219 2529 279 2594 offe
299 2522 310 2592 a¹
337 2551 541 2600 verumtamen
566 2531 656 2592 semel
692 2527 884 2591 circumsessus

187 2552 279 2675 leuis
301 2612 567 2680 valentissimorum
595 2611 747 2669 hominum
774 2607 885 2669 viribus

196 2692 292 2838 {infidi
312 2691 423 2767 sciens,
441 2705 474 2753 ut
492 2687 692 2759 honestissime
708 2685 821 2770 pollent
835 2706 885 2755 ex·,

283 2794 326 2834 r.

236 2793 465 2936 {gentiumne
479 2852 564 2935 igitur
578 2849 643 2920 satis
659 2847 754 2912 videri
767 2854 887 2927 cautus}

195 2934 266 3015 satis
285 2934 447 3018 providus,
463 2935 488 2999 si
505 2952 554 2996 me
571 2931 638 2996 huic
655 2930 751 2995 itineri
762 2945 824 3006 tem
840 2930 888 3002 ius

868 3296 991 3409 Γ
