2125 3784
260 249 329 346 381
477 244 702 315 Onarro

261 380 333 434 tus,
354 354 431 419 nulla
449 357 567 440 quaestio
591 359 708 422 decreta
724 380 745 420 a
766 354 866 420 senatu
892 362 948 422 est:

261 442 413 520 Quantum
430 441 537 500 lustum
552 444 582 499 in
597 442 650 500 hac
666 441 738 501 urbe
749 437 830 500 fuiffe
843 463 859 499 a
873 462 948 500 nos·

259 524 309 582 tris
327 523 456 602 patribus
474 523 638 600 accepimus
648 567 665 594 x
678 541 768 602 quum
780 518 813 579 P.
829 519 948 581 Africa·

259 621 300 661 no
324 603 405 661 domi
425 600 480 660 suae
497 601 654 682 quiescenti
673 604 722 663 illa
739 599 880 661 noflurna
899 603 951 661 vis

261 679 332 742 ess'et
354 680 454 741 illata?
476 683 540 761 quis
557 698 619 741 tum
637 703 697 742 non
718 683 827 764 gemuit
847 681 948 763 itquis

260 783 322 823 non
342 765 409 822 arsit
428 760 556 822 dolore?
577 782 665 842 quem
682 761 900 836 immortalem,
923 765 949 822 si

259 840 323 903 fieri
343 840 436 923 posset
456 887 466 915 ,
489 861 594 903 omnes
617 840 673 905 effe
695 857 861 924 cuperent,
881 839 965 922 ejus¹

259 943 297 983 ne
323 921 507 984 neceffariam
529 921 649 1004 quidem
670 922 865 1006 exspestatam
888 919 949 984 effe

258 1003 409 1064 mortem?
945 1032 972 1068 ·.

221 1125 226 1131 -
304 1102 352 1161 17.
379 1083 459 1144 Nurn
475 1084 561 1165 igitur
576 1081 635 1142 ulla
647 1079 764 1164 quaestio
777 1082 819 1143 de
833 1079 949 1143 Africa·

260 1166 290 1224 ni
312 1183 409 1225 morte
425 1165 481 1223 lata
500 1163 562 1224 est?
582 1165 661 1224 certe
676 1162 764 1223 nulla.
787 1162 871 1242 Quid
886 1162 948 1223 ita?

260 1246 327 1325 quia
341 1267 401 1305 non
420 1244 477 1304 alio
492 1243 624 1305 facinore
638 1242 705 1303 clari
720 1245 876 1318 homines,
888 1244 950 1305 alio

260 1324 371 1385 obscuri
397 1344 546 1386 necantur.
578 1322 695 1385 Intersit
715 1327 790 1386 inter
812 1325 880 1386 vitae
902 1324 949 1386 di-

261 1408 401 1488 gnitatem
422 1405 621 1480 summorum,
644 1420 673 1464 at
695 1425 731 1466 ue
753 1403 949 1467 infimorum}

261 1506 342 1547 mors
366 1485 486 1570 quidem
504 1487 584 1548 illata
608 1507 662 1568 per
674 1425 771 1548 iet-lus
791 1484 892 1547 iisdem
915 1486 950 1548 &

260 1570 356 1648 poenis
387 1584 547 1639 teneatur,
571 1568 604 1627 &
630 1567 753 1648 legibus.
783 1565 848 1626 Nisi
873 1566 952 1628 forte

261 1650 354 1728 magis
377 1648 431 1706 erit
451 1646 621 1744 Parricida,
643 1648 666 1703 s'i
683 1649 756 1724 quis·
768 1645 951 1709 consularem

260 1743 392 1808 patrem,
409 1745 497 1806 quant
511 1725 536 1783 si
550 1727 614 1806 quis
627 1722 766 1786 humilem
781 1730 950 1788 necaverit:

262 1823 312 1867 aut
325 1807 362 1867 eb
379 1826 458 1866 mors
472 1807 599 1865 atrocior
612 1804 665 1862 erit
679 1801 712 1863 P.
727 1801 849 1877 Clodii,
868 1808 951 1888 quod

260 1889 285 1946 is
306 1891 334 1944 in
351 1888 548 1944 monumentis
565 1881 711 1960 majonnn
723 1884 839 1945 suoium
856 1890 891 1946 sit
905 1891 952 1948 in·

259 1963 417 2036 terfetius3
438 1963 496 2023 hoc
511 1966 591 2024 enirn
608 1962 682 2044 saepe
700 1965 736 2024 ab
755 1963 811 2024 istis
829 1965 951 2028 dicitur:

258 2043 382 2124 perinde
412 2047 493 2122 quasi
519 2044 632 2125 Appius
661 2045 710 2106 ille
739 2042 841 2106 Caecus
870 2052 952 2109 viam

260 2126 418 2198 munierit,
434 2145 495 2183 non
514 2125 572 2207 quai
585 2126 711 2207 populus
730 2142 879 2202 uteretur,
899 2128 952 2190 sed

261 2205 311 2263 ubi
330 2205 447 2344 imqune
461 2204 502 2301 sui
515 2205 624 2287 posteri
639 2207 889 2269 latrocinarentur.
944 2222 946 2226 ‘

307 2284 352 2345 18.
390 2302 475 2365 taque
496 2287 654 2348 rn‘eadern
678 2287 729 2347 ista
753 2288 851 2427 AKpia
872 2292 951 2365 via,

262 2385 352 2507 qaum
381 2367 594 2426 ornatissimum
620 2370 750 2448 equitem
811 2390 950 2432 omanum

288 2490 297 2507 .
318 2445 441 2507 Clodius
464 2446 510 2507 M.
531 2447 675 2529 Papirium
698 2447 865 2524 occidisset,
889 2472 952 2512 non

263 2527 316 2588 fuit
332 2528 402 2589 illud
415 2527 524 2588 facinus
541 2529 740 2611 puniendum:
759 2529 850 2590 homo
871 2534 952 2593 enim

263 2609 369 2668 nobilis
389 2611 419 2669 in
435 2607 488 2668 suis
512 2614 708 2689 monumentis
727 2613 856 2690 equitem
882 2611 951 2675 Ro-

264 2708 383 2747 manum
402 2690 561 2750 occiderat.
586 2689 671 2750 Nunc
690 2688 822 2770 ejusdem
844 2691 951 2774 Appiae

265 2786 377 2828 nomen
404 2789 524 2850 quantas
548 2771 702 2852 tragoedias
721 2772 827 2833 excitat
846 2772 857 2834 ἓ
887 2792 954 2855 quat
