2125 3784
253 367 334 462 446
360 362 427 435 flu
450 360 499 433 M.
521 351 833 434 Auromvsr'

254 485 286 546 lo
305 480 403 542 audire
422 501 482 540 non
505 478 672 560 pollumus:
693 478 842 560 speramus
863 480 942 561 opti*

253 584 302 626 ma
318 582 325 620 τ
339 561 405 642 ¹pati
420 562 471 622 vel
486 558 653 621 difficillima
668 561 812 622 malumus
821 572 840 634 ,ἱ
852 561 939 643 quim

254 643 371 705 servire.
933 660 938 673 ’

296 723 342 783 16.
365 718 460 782 Caesar
469 719 595 782 confecit
610 719 747 782 invillum
760 721 940 782 exerciturus

253 803 316 865 cluo
329 802 479 864 fortissimi
492 801 624 863 consules
634 801 735 862 adsunt
752 822 821 862 cum
834 804 940 883 copiis}

255 884 291 946 L.
304 883 401 944 Planci
415 882 537 943 consulis
547 882 688 966 designati
698 884 779 942 varia
791 883 826 942 &
839 903 870 942 m
908 890 942 959 πῄ

255 966 359 1027 auxilia
379 985 439 1024 non
463 963 590 1025 desunt:
618 964 655 1025 de
684 962 726 1024 D.
749 962 833 1023 Bruti
856 963 874 1024 s
895 974 941 1026 ut't

254 1062 390 1107 certatur.
414 1043 497 1104 Unus
512 1042 633 1104 furiosus
645 1044 788 1126 gladiator
807 1064 877 1104 cum
897 1051 942 1105 toi

250 1129 437 1188 terrimorum
467 1124 612 1185 latronum
638 1146 727 1185 manu
758 1141 874 1203 contra
890 1134 940 1206 pa-¹

254 1209 361 1279 triam,
381 1220 481 1265 contra
503 1205 576 1266 deos
598 1221 739 1286 penates,
753 1220 862 1265 contra
883 1224 940 1266 arat

255 1288 288 1346 &
312 1286 421 1359 focos,
442 1300 544 1345 contra
566 1302 690 1373 quatuor
713 1284 848 1346 consules
869 1288 940 1381 gerit

253 1367 373 1427 bellum.
400 1367 478 1426 Huic
498 1365 663 1426 cedamus?
689 1363 774 1443 hujus
794 1366 941 1426 conditio·

256 1467 309 1508 nes
325 1445 493 1506 audiamus?
507 1467 574 1506 cum
590 1446 649 1507 hoc
663 1465 769 1528 pacem
789 1444 940 1529 fieripollt

253 1527 428 1593 credamus?

294 1606 398 1669 v111.
426 1607 468 1668 At
514 1608 652 1668 ericulum
669 1605 737 1680 est,
758 1627 798 1669 ne
820 1607 860 1669 ab
881 1607 937 1669 hoc

253 1691 460 1769 opprimamur.
516 1710 556 1748 on
575 1706 695 1762 metuo,
713 1707 752 1748 ue
768 1690 813 1762 is,
847 1690 874 1748 ui
888 1687 938 1749 suit

253 1770 435 1848 amplissimis
461 1766 615 1841 fortunis,
640 1771 694 1829 nisi
716 1768 802 1828 bonis
826 1709 940 1844 ialvis,

254 1849 310 1908 frui
338 1870 399 1910 non
425 1847 549 1930 potest,
577 1849 683 1930 prodat
708 1847 831 1909 salutem
856 1848 941 1910 suam.

255 1928 356 1990 Bonos
374 1933 451 1990 cives
469 1932 595 2008 primum
611 1947 711 1989 natura
729 1928 841 2004 efficit,
861 1928 939 2010 adju·

255 2027 307 2070 vat
327 2010 433 2070 deinde
453 2009 592 2068 fortuna:
610 2010 745 2069 omnibus
762 2014 842 2071 enirn
859 2012 940 2072 bouis

257 2090 395 2168 expedit,
410 2087 517 2147 salvam
534 2087 590 2150 elle
606 2090 835 2171 rempublicam
850 2090 898 2154 sed
914 2095 941 2153 ln

253 2170 287 2226 iis
305 2213 315 2240 ‚
335 2171 383 2249 qui
396 2166 534 2229 fortunati
549 2169 634 2245 sunt,
647 2173 737 2254 magis
760 2170 791 2231 id
810 2190 939 2254 apparet

254 2247 332 2328 Quis
356 2248 528 2310 fortunatior
546 2251 688 2334 Lepido,
711 2269 742 2311 ut
764 2253 832 2313 ante
860 2253 940 2314 dixi?

255 2330 319 2410 quis
342 2330 450 2391 eodem
468 2329 583 2393 sanior?
604 2334 678 2394 vidit
699 2331 761 2413 ejus
778 2333 939 2396 moestitiam

153 2436 156 2445 ¹
257 2425 344 2489 atque
363 2413 506 2493 lacrymas
523 2415 649 2495 populus
665 2413 816 2474 Romanus
834 2415 942 2498 Luper·

255 2491 363 2550 calibus
387 2511 395 2550 ε
423 2492 528 2568 vidit,
554 2495 642 2575 quirm
670 2493 828 2574 abjectus,
879 2497 940 2557 uim

255 2569 404 2631 confetlus
430 2571 531 2648 estet,
559 2597 648 2657 quum
677 2573 781 2636 Caesari
809 2519 940 2639 dialema

256 2653 411 2752 imponens
445 2654 618 2732 Antonius,
647 2655 760 2718 servum
778 2655 808 2716 se
840 2660 938 2733 illius,

253 2753 343 2811 quam
361 2734 503 2816 collegam
528 2735 585 2798 effe
604 2738 756 2799 malebat:
779 2739 830 2818 qui
852 2742 876 2799 si
893 2760 940 2800 re·

254 2811 337 2892 liquis
350 2815 460 2897 flagitiis
472 2817 505 2880 ὃ(
518 2817 670 2883 sceleribus
682 2817 711 2882 se
726 2817 870 2884 abstinere
885 2841 938 2905 poe
