2125 3784
181 288 263 401 §16
294 288 357 373 'In'
384 294 446 399 M?
463 284 767 417 A'srrorr'r'r‘r'affi
791 287 854 393 ”””ξ

191 430 212 447 ..
427 445 430 450 ,
460 460 463 465 Ι
521 432 523 437 -
837 420 854 459 ,ι
918 420 921 465 1

185 494 211 575 1.
228 426 358 559 Ersr
382 497 502 559 minime
516 496 622 559 decere
629 492 873 574 uidetur,Patt'rs

184 576 359 663 ¹conscripti,
378 578 458 651 falli,
479 578 594 661 decipi,
610 598 713 643 errare-
727 600 818 657 eum,
833 576 872 643 di

183 672 239 718 ros
260 662 393 720 maximis
414 659 489 740 saepe
505 658 544 719 de
561 658 652 719 reb'us
669 658 874 733 adsentiendum

183 737 323 800 consolor
345 761 392 802 me
414 758 542 812 tamen,
563 743 703 821 quoniam
726 740 874 802 vobiscum

185 822 311 900 pariter,
332 820 364 882 ὃ(
377 821 434 881 und
449 840 517 880 cum
535 818 747 901 sapientissimo
762 821 876 882 consule

186 902 291 960 erravi.
315 900 394 961 Nam
413 921 503 982 quum
524 900 584 961 duo
610 901 775 962 consulares
796 900 876 983 spem

185 979 313 1041 honestae
329 985 407 1062 pacis
421 983 507 1041 nobis
518 979 694 1056 attulissent,
726 982 787 1042 uod
798 997 878 1044 erant

187 1059 343 1121 familiares
365 1061 412 1121 M.
435 1060 558 1123 Antonii
575 1076 586 1133 ,'
604 1061 685 1143 quod
703 1003 878 1136 domestici,

187 1139 270 1202 noffe
295 1141 414 1222 aliquod
439 1141 502 1222 ejus
524 1141 657 1217 vulnus,
687 1142 770 1225 quod
796 1144 877 1204 nobis

186 1223 322 1303 ignotum
342 1221 432 1296 effer,
450 1222 641 1283 videbantur:
656 1223 737 1303 apud
756 1223 878 1285 alterum

188 1323 283 1378 uxor,
302 1302 406 1377 liberi3
423 1303 514 1377 alter,
552 1302 796 1364 uotidie.litteras
814 1305 880 1365 mit·

188 1398 273 1460 tere,
287 1388 442 1464 accipere,
458 1324 556 1466 spera
573 1382 674 1444 favere
691 1381 840 1447 Antonio.

233 1487 261 1525 2.
285 1464 324 1525 Hi
341 1465 434 1526 subito
454 1464 623 1526 hortariiad
646 1471 777 1545 pacem,
800 1462 879 1547 quod

190 1542 302 1626 jamdiu
322 1568 384 1607 non
401 1545 529 1607 feciffent
545 1590 556 1621 ‚
571 1564 633 1604 non
651 1547 714 1606 sine
735 1544 820 1607 causa
836 1546 880 1608 vi-

191 1626 343 1689 debantur.
377 1627 511 1688 Accessit
534 1624 633 1687 consul
655 1625 792 1695 hortator
815 1648 824 1688 a
851 1643 880 1687 at

190 1710 240 1787 'qui
258 1707 377 1768 consul?
391 1710 413 1766 si
431 1708 615 1787 prudentiam
638 1708 812 1787 qu‘aerim'irs,
832 1709 881 1789 qui

189 1789 310 1848 minime
326 1786 386 1848 falli
402 1785 512 1869 posset:
529 1790 553 1848 si
570 1784 728 1863 virtutem,
747 1790 797 1870 qui
814 1787 878 1847 nul-

190 1868 250 1929 lam
266 1890 370 1951 pacem
385 1869 543 1948 probaret,
555 1869 608 1927 nisi
622 1866 880 1930 Antonio'ceden·

191 1966 242 2021 te,
260 1969 347 2030 atque
362 1950 459 2009 vicio:
484 1950 506 2007 si
519 1948 756 2028 magnitudinem
765 1952 879 2023 animi,

191 2033 240 2109 qui
261 2029 410 2108 praeferret
427 2046 554 2089 mortem
573 2028 712 2089 servituti.
739 2029 807 2090 Vos
825 2051 880 2090 au-

190 2125 272 2184 tem,
294 2109 393 2171 Patres
411 2108 586 2190 conscripti,
608 2131 669 2171 non
689 2126 751 2171 tam
771 2113 880 2172 imme-

189 2210 289 2251 mores
308 2189 470 2251 vestrorum
487 2191 724 2273 gravissimorum
739 2191 879 2253 decreto-

190 2292 255 2331 rum
275 2273 474 2344 videbamini,
495 2271 605 2356 qudm,
621 2271 671 2354 spe
689 2272 777 2332 allatd
794 2272 880 2334 dedi-

191 2355 299 2422 tionis,
313 2362 401 2433 q'u'am'
410 2356 495 2413 amici
511 2364 616 2434 pacem
627 2353 830 2433 appellarent,
842 2354 880 2415 de

189 2433 375 2511 imponendis
393 2458 410 2507 ,¹
428 2457 489 2495 non
509 2435 546 2499 de
568 2434 747 2514 accipiendis
768 2435 879 2515 legibus

188 2515 328 2596 cogitare.
341 2513 484 2599 (Auxerat
509 2534 616 2595 autern„
632 2535 729 2574 meam
777 2516 877 2576 uidem

188 2591 291 2675 spem,
310 2588 398 2656 credo
410 2594 483 2658 vitem
495 2586 639 2671 vestram,
658 2594 738 2676 quod
755 2537 878 2656 domum

189 2675 314 2738 Antonii
333 2675 463 2737 afflidain
482 2677 788 2737 moestitid'audiebam
806 2722 816 2750 ‚
837 2678 878 2736 la·

113 2764 117 2773 “
188 2761 311 2816 mentari
330 2779 472 2818 uxorem:
495 2760 540 2817 hic
558 2761 644 2818 etiam
662 2756 791 2818 fautores
814 2757 877 2816 An·

189 2840 262 2894 tonii
278 2858 400 2916 quorum
418 2841 447 2896 in
462 2840 545 2899 vultu
558 2839 686 2903 habitant
704 2840 784 2902 oculi
801 2841 877 2914 mei,

190 2916 492 2999 tristiores‚viplebam.
