2125 3784
262 380 345 440 rito
369 369 488 441 Reor
513 370 756 440 Daroma.
800 386 874 463 129

186 482 240 546 sua
252 501 394 553 terrorem
406 484 537 546 intulerit
548 486 591 558 ei,
606 480 683 565 cujus
693 483 874 548 seneeutem

189 570 281 641 tueri,
301 569 335 628 &
351 584 454 647 tegere
474 565 621 636 debebat3
638 566 876 628 commendatio·

187 666 314 728 nemque
338 647 465 705 ineuntis
482 647 571 705 aetatis
587 644 622 703 ab
639 647 783 726 impietate
803 691 813 721 ‚
835 649 870 709 &

183 726 293 787 scelere
321 726 460 795 duxerit;
478 726 523 784 avi
545 722 677 797 servum,
700 744 872 807 corruptum

207 808 338 878 taemiis‚
355 804 392 864 ad
409 803 589 865 accusandum
607 804 758 865 dominum
773 810 875 901 impu-

185 829 279 959 derit,
297 886 331 944 ὃ(
345 907 362 944 a
378 884 529 966 legatorum
548 883 672 964 pedibus
689 885 849 948 abduxerit.

234 983 265 1042 3.
291 964 410 1046 Fugitivi
421 982 516 1026 autem
530 965 682 1025 dominum
697 965 869 1039 accusantis.

194 1043 228 1103 &
245 1045 388 1104 dominum
404 1045 571 1118 absentem,
588 1044 620 1104 δι
634 1045 786 1107 dominum
797 1050 872 1107 ami-

191 1126 333 1185 cissimum
352 1123 452 1185 nostrae
466 1125 651 1205 respublica,
670 1146 759 1206 quum
776 1148 810 1186 os
823 1130 878 1187 vi«

189 1205 313 1278 debam‚
327 1226 415 1286 quum
433 1205 524 1267 verba
543 1204 718 1278 audiebam,
737 1228 797 1267 non
810 1222 875 1267 tam

186 1283 318 1345 afflidbam
344 1288 452 1367 regiam
476 1285 679 1345 conditionem
703 1285 840 1346 dolebam
855 1328 872 1359 ‚

186 1364 273 1445 quim
288 1366 325 1426 de
342 1364 465 1426 fortunis
483 1365 689 1425 communibus
703 1365 874 1427 extimesce-

183 1446 263 1506 bam.
283 1445 383 1519 Nam,
400 1466 490 1526 quum
505 1463 591 1504 more
608 1442 749 1521 majorum
761 1445 799 1505 de
813 1444 874 1505 fct-

182 1547 224 1587 νο
243 1529 274 1586 in
295 1526 451 1587 dominum
469 1569 479 1598 ‚
500 1545 538 1585 ne
557 1525 710 1584 tormentis
727 1524 875 1603 quiden,

182 1607 279 1687 quaeri
295 1606 406 1677 liceat,
422 1607 453 1662 in
466 1623 523 1683 qua
541 1601 699 1682 questione
718 1602 802 1663 dolor
817 1622 880 1665 ve·

184 1707 255 1745 ram
273 1703 385 1745 vocem
400 1683 506 1745 elicere
521 1682 640 1763 possit,
659 1683 746 1745 eriam
764 1683 802 1743 ab
824 1685 876 1744 in-

185 1769 278 1837 vit03
304 1780 422 1825 exortus
443 1761 484 1823 est
502 1761 619 1834 servus,
641 1765 689 1844 qui
699 1805 711 1835 ,
734 1784 821 1845 quem
841 1768 873 1827 in

186 1845 317 1927 equuleo
329 1843 475 1926 appellare
483 1865 544 1905 non
555 1841 649 1924 poffet
661 1863 749 1919 ,eum
761 1846 873 1907 accuset

186 1927 307 1987 solutus.

231 2005 275 2067 ll.
301 2005 450 2066 Perturbat
472 2024 520 2065 me
540 2049 550 2079 ,
576 1998 613 2065 C.
636 2001 760 2078 Caesar,
783 2000 875 2067 eiiam

187 2086 258 2147 illud
282 2086 426 2148 interdum
444 2106 454 2158 3
473 2085 554 2166 quod
577 2103 704 2161 tamen,
727 2106 815 2166 quum
836 2104 871 2147 te

189 2170 304 2248 penitbs
315 2167 733 2249 recognovi,rimere‚desino:
747 2186 778 2227 re
788 2169 870 2227 enim

191 2251 319 2329 iniquum
335 2246 395 2322 est,
409 2246 459 2308 sed
474 2251 521 2308 tud
538 2245 673 2386 safientid
686 2246 723 2313 ¹fit
741 2250 875 2328 equissi-

191 2349 284 2387 mum.
299 2326 377 2387 Nam
391 2328 485 2393 dicere
498 2349 555 2408 apu
589 2347 656 2388 eum
667 2328 707 2388 de
720 2327 851 2389 facinore
860 2371 878 2400 ‚

191 2428 292 2468 contra
325 2405 404 2487 cujus
435 2410 524 2468 vitam
555 2410 707 2473 consilium
737 2406 875 2477 facinoris

191 2488 267 2548 iniffe
283 2510 312 2547 at
333 2510 420 2562 uare,
439 2492 462 2548 si
472 2508 525 2570 per
535 2485 565 2548 se
576 2488 667 2569 ipsum
683 2489 874 2559 consideres,

192 2590 278 2649 grave
298 2510 362 2628 edd:
386 2586 475 2631 nemo
493 2571 572 2629 enim
590 2567 651 2629 fere
670 2567 711 2628 est
730 2612 740 2639 ,
764 2569 814 2645 qui
832 2564 874 2625 sui

189 2648 307 2730 periculi
329 2647 447 2727 judex,
472 2669 534 2708 non
559 2648 611 2705 sibi
634 2646 662 2705 se
732 2648 874 2718 uiorem,

188 2729 274 2809 quim
290 2749 362 2803 teo,
376 2730 518 2810 praebeat.
539 2725 599 2785 Sed
617 2741 685 2796 tua,
732 2765 741 2781 .
760 2720 874 2799 Cesar,

188 2809 343 2890 ptaestans,
362 2807 568 2891 singularisque
586 2822 687 2864 natura
703 2803 780 2864 hunc
802 2806 875 2867 mihi

187 2908 298 2951 metum
315 2892 440 2955 minuit:
451 2888 600 2955 nonenim
612 2903 674 2947 tarn
683 2886 792 2959 timeo,
804 2884 876 2967 quid

713 2965 773 3029 Fu

866 3260 975 3410 Τ
