2125 3784
253 402 334 499 29'6
382 400 437 474 Iu
461 401 512 470 M.
538 400 843 472 durantur:

251 508 935 678 ulutatu-:lenmtur2¹:2⁶:

251 695 298 739 tus
317 679 513 761 refrigescent.
541 676 631 737 Unde
649 673 692 736 est
715 678 815 738 adhue
876 678 935 739 llum

250 758 395 831 trabium,
415 760 470 819 ttici
486 778 522 818 ex
538 757 762 831 retardatione,
787 760 821 819 δι
840 757 934 820 morai

252 835 297 898 Ut
320 842 444 918 primum
460 835 526 919 post
552 833 699 897 discellum
721 837 875 913 latronis,
894 838 936 900 vel

274 921 350 978 otius
369 918 548 999 desperatam
568 916 694 998 fugam,
717 916 814 979 libere
835 917 937 980 senatu:

291 999 354 1058 beri
373 1003 488 1079 potuit;
508 997 622 1136 semper
637 997 772 1078 flagitavi
789 1042 801 1072 ‚
821 1016 853 1058 ut
870 1018 938 1059 con·

249 1098 451 1139 vocaremur:
476 1098 536 1159 quo
580 1079 608 1136 ie
630 1078 759 1158 primum
789 1082 939 1140 convocati

250 1157 365 1232 fumus,
381 1178 469 1239 quum
485 1159 624 1239 designati
635 1155 770 1218 consules
786 1176 849 1218 non
862 1160 939 1219 ader·

247 1236 336 1312 fem,
353 1237 425 1317 jeci,
438 1238 579 1298 sententia
593 1238 679 1310 med,
695 1240 831 1299 maximo
846 1238 938 1301 vestro

251 1317 417 1395 consensu,
436 1318 624 1378 fundamenta
643 1318 817 1397 reipublice
834 1362 844 1392 ,
859 1319 938 1381 senus

253 1401 376 1459 omnino
396 1444 405 1472 ‚
433 1399 519 1479 quim
546 1398 679 1477 decuit3¹
693 1417 753 1458 nec
773 1402 855 1459 enim
877 1401 938 1461 anti

252 1478 357 1560 potui:
379 1476 427 1539 fed
449 1496 548 1539 tamen
568 1481 591 1536 si
609 1494 646 1539 ex
668 1497 707 1539 eo
723 1494 864 1560 ternpore
883 1481 938 1542 dies

124 1620 127 1625 ,
252 1560 347 1619 nullus
368 1558 538 1619 intermissus
559 1556 654 1630 effet,
676 1558 791 1619 bellum
809 1562 938 1641 profedlb

252 1640 363 1700 nullum
382 1642 565 1701 haberemus.
581 1637 682 1700 Omne
701 1640 937 1703 malumnascem

251 1717 338 1780 facile
355 1714 542 1801 opprimitur:
557 1722 751 1781 inveteratum
768 1718 803 1779 fit
814 1720 937 1801 plerum·

252 1819 311 1879 que
320 1799 470 1859 robustius.
486 1799 546 1859 Sed
556 1815 618 1859 tum
632 1798 873 1879 exspeeiabantur
880 1802 937 1868 Kaz

254 1879 349 1941 lendae
365 1880 522 1941 Ianuariae:
539 1878 654 1940 fortaffe
670 1899 731 1940 non
748 1879 840 1941 teile.
883 1926 899 1939 ..
916 1914 919 1919 ·

244 1996 256 2023 ,·
293 1959 374 2020 Xll.
410 1960 523 2020 Verum
557 1961 701 2041 preterita
730 1960 932 2023 omittamus:

251 2041 380 2100 etiamne
392 2041 465 2099 hanc
479 2060 592 2100 moram
603 2038 755 2100 afferemus
765 2083 777 2114 ,
788 2040 860 2119 dum
871 2062 935 2124 pro·

251 2115 412 2178 ficiscuntur
428 2118 537 2202 legati?
550 2121 620 2180 dum
638 2122 845 2181 revertantur?
861 2144 936 2204 quo·

250 2217 316 2257 rum
337 2199 390 2260 exs
406 2199 509 2262 efiatio
534 2202 744 2262 dubitationem
768 2201 840 2261 belli
864 2201 935 2264 alle-

250 2295 314 2338 ret:
331 2222 411 2341 belib
428 2300 525 2342 autem
544 2282 655 2354 dubio,
673 2280 754 2362 quod
769 2281 867 2362 potest
877 2283 934 2344 ltu-

251 2359 332 2420 dium
350 2361 406 2422 elle
425 2360 576 2423 deledifrsi-
593 2362 819 2442 Quamobrem,
838 2362 935 2425 Panes

250 2440 424 2522 conscripti,
444 2443 607 2580 legatorum
628 2445 810 2503 mentionem
828 2446 934 2505 nullam

249 2520 354 2582 censeo
379 2523 470 2582 facien
492 2544 564 2582 am:
591 2542 654 2584 rem
682 2521 934 2586 administrandam

158 2628 162 2635 ·
250 2601 374 2662 arbitror
391 2605 453 2663 sine
466 2604 522 2664 ulla
540 2625 642 2678 mora,
661 2601 867 2665 &confestim

248 2683 389 2743 rendam:
409 2686 564 2745 tumultum
578 2685 683 2751 censeo
703 2683 841 2757 decerni,
854 2626 936 2764 jubi-

247 2763 321 2821 tium
341 2765 436 2836 edici3
458 2763 605 2850 sagasumi
619 2766 684 2827 dico
701 2781 863 2845 oportere,
880 2766 936 2828 de-

247 2839 354 2901 lefium
381 2845 508 2921 haberi,
535 2846 649 2906 sublatis
675 2845 878 2906 vacationibus
905 2851 936 2918 ia

247 2921 319 2984 urbe
331 2923 367 2985 δι·
376 2926 406 2986 in
416 2923 496 2989 Italia
503 2970 514 3005 ,
525 2944 632 3009 praeter
644 2925 789 3002 Galliam,
802 2942 878 2990 tota.
