2125 3784
197 370 200 375 ·
291 313 610 413 Patauium
631 341 760 414 ‘Vm
796 336 875 439 '345

183 457 305 541 poclis,
324 461 401 520 inani
421 457 471 539 spe
492 457 529 517 ad
549 476 635 536 aquas
648 456 746 540 usquc.
758 459 790 518 &
812 457 874 519 Pu·

184 540 284 601 teolos
309 541 522 622 provehuntur.
553 536 632 618 Ergo
657 539 745 599 habet
773 540 876 599 Anto-

184 623 250 681 nius
270 665 280 694 ,
304 621 386 702 quod
406 618 460 679 suis
487 618 666 700 polliceatur.
686 619 769 698 Quid
791 642 846 680 nos
861 620 897 681 i·

184 721 258 762 num
277 702 348 782 quid
367 700 426 761 tale
444 699 584 759 babemus
595 697 613 760 ἓ,
621 696 674 757 Dii
692 701 828 760 melioraa
841 699 874 760 id

186 783 267 841 enim
283 780 375 861 ipsum
388 782 515 862 agimus,
536 781 650 861 nequis
665 778 783 860 posthac
797 778 878 860 ejus·

186 860 272 922 modi
335 861 364 921 id
385 881 451 922 uam
476 860 569 942 possit
590 859 732 941 polliceri.
762 859 876 925 Invitus

187 942 277 1015 dico,
309 942 347 1003 ed
364 882 522 1004 bicendum
546 938 604 1001 est..
623 939 711 1001 Hasta
729 939 875 1017 Cessatis,

369 1003 387 1027 Χ

187 1020 288 1082 Patres
302 1021 470 1104 conscripti,
483 1020 581 1082 multis
593 1019 778 1102 improbis&
792 1022 876 1105 spem

187 1101 293 1177 affert,
316 1104 350 1164 δι
373 1105 551 1163 audaciam:
576 1102 713 1163 viderunt
735 1105 813 1164 euim
838 1124 876 1165 ex

188 1183 330 1244 mendicis
346 1183 409 1245 fieri
423 1181 545 1263 repente
561 1181 685 1243 divites:
698 1184 796 1265 itaque
810 1186 878 1245 has·

188 1279 250 1324 tam
266 1263 378 1346 semper
402 1265 503 1324 videre
522 1264 638 1342 cupiunt
653 1265 691 1336 ii,
709 1268 757 1345 qui
772 1265 876 1326 nostris

187 1343 275 1405 bonis
293 1348 446 1406 imminent
466 1363 473 1402 :
493 1342 597 1424 quibus
619 1346 719 1402 omnia
747 1347 879 1427 pollice-z

189 1441 237 1485 tur
257 1426 413 1486 Antonius.

235 1523 282 1566 10.
306 1506 390 1586 Quid
408 1503 485 1566 nos?
500 1499 602 1563 uostris
622 1503 791 1565 exercitibus
807 1503 878 1584 quid

189 1586 388 1668 pollicemur?
407 1584 501 1645 multo
519 1586 660 1658 meliora,
682 1602 769 1666 atque
782 1581 882 1663 majos

190 1687 235 1726 ra.
268 1664 416 1728 Scelerum
437 1666 515 1724 euim
551 1668 685 1726 somissio
706 1665 739 1726 &
757 1667 811 1738 iis,
831 1668 881 1748 qui

192 1743 379 1828 exspeliaut,
394 1686 553 1827 perniciobi
566 1744 625 1818 est;
640 1747 673 1806 &
685 1747 737 1820 iis,
752 1749 800 1829 qui
810 1756 881 1828 pro·

190 1830 321 1888 mittunt.
346 1825 410 1888 Nos
427 1823 529 1886 nostris
542 1827 681 1887 militibus
695 1828 879 1903 libertatem,

186 1906 275 1989 jura,
293 1908 392 1990 leges,
404 1905 532 1985 judicia,
551 1897 705 1989 imperium
719 1908 798 1969 orbis
818 1926 881 1969 ter·

190 2009 253 2062 τε,
275 1988 468 2070 dignitatem,
485 2009 596 2068 ,pacem
613 2030 623 2062 ‚
645 1990 738 2049 otium
754 1988 882 2070 pollice·

191 2090 268 2131 mur.
291 2069 415 2130 Antonii
439 2070 522 2150 igitur
547 2067 682 2150 promiffa
698 2088 713 2145 ,¹
734 2087 879 2146 cruenta,

191 2165 267 2209 tetra
279 2193 288 2222 ‚
302 2148 457 2223 scelerata,
469 2148 521 2207 diis
538 2149 706 2210 homiuibus
721 2171 757 2211 ue
770 2151 881 2226 invisa,

186 2249 249 2290 -nec
264 2229 413 2304 diuturna,
427 2238 482 2291 uec
494 2227 641 2290 salutaria:
662 2172 759 2291 nobra
779 2231 881 2296 contria

193 2309 334 2384 honesta,
347 2313 479 2392 integra,
496 2310 640 2392 gloriosa,
653 2312 749 2392 plena.
758 2310 879 2389 laetitiae,

186 2390 282 2472 ‚plena
301 2393 426 2472 pietatis.
466 2449 477 2465 .-
697 2447 699 2452 .

237 2469 299 2531 IV.
317 2471 374 2532 Hic
392 2470 462 2530 mihi
477 2470 565 2532 etiam
578 2471 622 2551 Q
635 2470 749 2545 Fufius,
763 2473 807 2533 vis
817 2471 881 2533 for-

194 2551 231 2611 tis
250 2572 283 2611 ac
300 2550 446 2622 strenuus,
462 2555 570 2611 amicus
585 2572 666 2611 meus
677 2597 686 2624 ‚
699 2555 776 2632 pacis
792 2571 881 2612 com·

194 2632 286 2692 moda
299 2647 523 2691 commemorat:
539 2634 618 2712 quasi
629 2633 718 2703 verb,
729 2632 753 2689 si
762 2631 881 2693 laudan·

196 2711 235 2772 da
250 2733 307 2793 pax
326 2709 416 2780 esset,
434 2729 491 2791 ego
506 2710 539 2770 id
557 2712 638 2790 aeque
658 2711 816 2770 commode
833 2711 881 2774 fa·

194 2812 264 2853 cere
286 2813 346 2852 non
359 2788 489 2872 pollam:
502 2789 592 2852 semel
609 2793 687 2851 enim
704 2811 808 2871 pacem
825 2793 882 2854 de·

195 2869 691 2966 feudisuonsempetotiostudui3
741 2873 782 2934 od
791 2894 881 2958 quum

737 2975 759 3020 Υ
