2125 3784
259 357 310 429 80
479 352 708 422 Onnrlo

256 474 328 531 tales
345 469 376 528 in
394 486 459 528 eam
475 486 605 529 mentem
621 465 819 548 impuliffent,
841 485 875 529 ut
892 469 948 532 hoss

255 572 306 611 mo
327 548 506 610 effeminatus
526 547 712 609 fortissimum
733 551 831 610 virum
853 565 946 611 'cona-

253 648 330 690 retur
350 630 509 704 occidere,
533 630 623 691 hodie
642 629 857 711 rempublicam
881 632 946 692 nul·

254 712 314 772 lam
338 712 491 772 haberetis.

297 809 346 871 90.
369 791 419 854 An
444 792 492 852 ille
510 807 641 872 ptaetor,
658 790 706 852 ille
724 789 802 851 verb
822 789 944 865 consul,

183 904 186 909 ·
256 874 281 932 si
303 874 395 934 modi>
423 872 484 933 haec
509 872 620 953 templa
642 888 727 952 atque
749 870 810 950 ipsa
836 868 944 933 moeitia

255 950 328 1017 state
343 974 380 1015 eo
392 956 463 1015 vivo
479 953 611 1023 tamdiu,
636 953 669 1012 ὃ(
685 949 870 1012 consulatum
884 950 942 1033 ejus

255 1033 418 1115 exspediare
437 1031 615 1173 fotuissenu
630 1032 679 1092 ille
703 1031 834 1113 denique
859 1035 943 1094 vivus

254 1117 324 1175 mali
345 1116 415 1175 nihil
451 1115 565 1186 eciffet,
603 1113 631 1172 ui
651 1129 803 1185 mortuus,
822 1132 886 1173 uno
908 1133 942 1175 ex

254 1193 309 1255 suis
328 1195 491 1259 satellitibus
503 1193 571 1254 Sex.
582 1134 693 1254 dlodio
714 1192 813 1266 duce,
834 1193 942 1252 curiam

254 1275 435 1336 incenderit?
454 1273 528 1352 Quo
539 1274 608 1354 quid
619 1271 764 1343 miserius,
799 1272 851 1333 uid
863 1293 943 1334 acer·

254 1355 339 1426 hius,
358 1355 427 1436 quid
444 1353 598 1414 luduosius
614 1351 759 1413 vidimus?
810 1353 942 1434 emplum

254 1430 427 1507 sanditatis,
448 1433 663 1515 amplitudinis,
682 1434 809 1506 mentis,
830 1434 943 1497 consilii

255 1515 383 1596 publici,
398 1532 483 1596 caput
494 1515 588 1588 urbis,
598 1533 676 1574 atam
688 1512 855 1587 sociorum,
869 1535 941 1595 por-

255 1612 317 1656 tum
336 1598 466 1657 omnium
477 1598 626 1677 gentium,
644 1593 742 1654 sedem
753 1593 790 1652 ab
804 1592 940 1655 universo

255 1678 369 1755 populo
395 1677 529 1735 Romano
555 1672 716 1734 concessam
747 1676 797 1733 uni
824 1673 944 1747 ordini,

255 1757 446 1826 inflammari,
462 1754 608 1827 exscindi,
628 1751 784 1815 funestari?
804 1774 902 1836 neque
911 1754 941 1816 id

256 1831 319 1894 fieri
339 1841 355 1894 d
379 1833 561 1894 multitudine
590 1836 746 1915 imperita,
763 1855 940 1916 quamquam

252 1914 327 1976 veffet
344 1914 476 1976 miserum
494 1915 525 1975 id
543 1913 654 1996 ipsum,
671 1913 721 1974 sed
740 1915 776 1973 ab
794 1935 876 1988 un03
892 1915 942 1997 qui

255 2017 344 2076 quum
358 2013 470 2054 tantum
488 1994 568 2054 aufus
582 1999 618 2055 sit
633 1995 711 2055 ultor
731 2015 786 2075 pro
800 2011 939 2067 mortuo,

255 2074 326 2152 quid
348 2072 462 2155 signifer
486 2096 541 2155 pro
567 2079 640 2136 vivo
661 2096 721 2134 non
747 2072 817 2136 effet
836 2075 939 2136 ansusi

254 2152 290 2219 1n
320 2160 426 2213 curiam
454 2157 637 2235 potissimiim
663 2152 793 2232 abjecit,
812 2171 846 2216 ut
873 2175 940 2218 eam

254 2251 386 2294 mortuus
412 2235 602 2310 incenderet,
634 2256 721 2317 quam
743 2237 828 2298 vivus
850 2255 943 2298 ever·

255 2331 339 2376 terat.

297 2412 348 2473 91·
363 2393 400 2454 Et
425 2395 487 2455 sunt
505 2396 553 2476 qui
575 2396 612 2456 de
631 2396 679 2455 via
695 2395 793 2476 Appia
810 2416 941 2476 queran-

254 2489 320 2550 tur,
342 2492 455 2536 taceant
469 2476 506 2536 de
526 2475 624 2534 curia?
648 2476 680 2534 &
700 2478 749 2556 qui
764 2476 800 2534 ab
821 2496 860 2537 ec>
878 2476 940 2566 spi-

254 2574 335 2617 rante
347 2555 441 2616 forum
452 2571 556 2636 putent
568 2553 688 2635 potuisse
702 2555 840 2627 defendi,
856 2577 940 2634 cujus

253 2659 316 2699 non
343 2635 474 2699 restiterit
502 2635 637 2696 cadaveri
661 2635 759 2696 curia?
782 2635 939 2710 Excitate,

253 2719 375 2778 excitate
387 2737 469 2790 eum,
484 2719 506 2776 si
520 2715 657 2797 potestis,
671 2716 708 2776 ab
722 2715 840 2776 inferis:
855 2716 940 2776 fran-

276 2797 327 2854 etis
349 2800 387 2855 im
411 2817 489 2858 etum
511 2800 592 2869 vivi,
620 2793 699 2873 cujus
724 2798 773 2856 vix
797 2795 939 2858 sustinetis

254 2814 339 2939 inias
356 2820 506 2962 iniipulne
524 2877 578 2938 nisi
594 2877 665 2940 verb
684 2875 845 2942 sidiinuistis
863 2897 939 2954 eos,

951 1886 961 1915 Ι
