2125 3784
156 405 160 411 ·
237 368 319 451 ¹104
465 350 688 429 Onam

237 468 346 549 invidia
360 466 537 550 judicabunt.
556 469 592 530 ld
607 488 704 532 autem
720 469 811 532 etiam
825 469 852 531 si
864 482 933 535 tund

239 549 278 610 ad
296 564 345 625 te,
363 567 396 611 ut
417 550 535 633 quidam
551 551 625 612 falsb
646 567 770 631 putant,
784 571 850 612 non
865 572 933 632 per·

239 628 345 691 tinebit
355 651 367 704 ;
385 652 471 710 nunc!
483 632 560 692 certe
579 634 730 712 pertinet,
753 628 814 692 effe
836 647 869 693 te
889 648 935 692 ta-

239 706 320 784 lem,
334 727 370 788 ut*
382 711 561 787 tuaslaudes
578 710 760 773 obscuratura
773 710 858 773 nulla
871 722 936 773 utu·

241 792 383 872 quamsit
403 790 527 855 oblivio.
822 860 824 865 ,

284 869 324 932 Χ.
344 868 476 934 Diversae
496 871 664 933 voluntates
677 869 787 931 civium
804 869 937 947 buerunt,

242 948 439 1034 dillradlaeque
459 950 624 1015 sententiae:
635 973 696 1013 non
709 953 790 1012 enim
804 952 935 1015 consiliis

242 1028 336 1092 sollum
354 1032 386 1093 &
407 1031 526 1108 studiis,
545 1032 596 1094 sed
615 1033 700 1092 armis
718 1033 809 1093 etiam
827 1031 864 1092 δι
881 1052 938 1092 cas·

243 1112 296 1172 tris
322 1110 622 1176 dissidebamuszerat
648 1128 745 1173 autem
775 1109 937 1188 obscuritas

266 1191 399 1268 uaedam,
416 1210 478 1257 erat
495 1210 656 1265 certamen,
668 1193 742 1252 inter
759 1190 937 1253 clarissimos

244 1213 336 1335 duces
349 1295 364 1349 :¹
375 1274 458 1333 multi
485 1273 677 1346 dubitabant,
696 1269 766 1353 quid
791 1274 940 1354 optimum·

122 1416 125 1421 ,
248 1351 319 1423 esset
329 1374 341 1429 3
358 1352 461 1429 multi,
480 1353 552 1436 qnid
571 1351 625 1412 sibi
642 1351 815 1433 expediret3
828 1351 938 1426 ¹inulti,

247 1431 319 1516 quid
346 1433 464 1497 deceret
476 1454 487 1509 3
517 1431 649 1496 nonnulli
671 1434 782 1507 edam,
805 1432 879 1515 quid
901 1431 938 1493 li-

250 1531 339 1578 ceret.
606 1539 612 1553 ·

292 1614 340 1676 31.
362 1593 515 1659 Perfunda
537 1586 697 1678 respublica
713 1589 755 1655 est
773 1591 833 1653 hoc
852 1590 939 1655 misc·

249 1671 303 1756 ω’,
313 1677 451 1759 fatalique
467 1676 570 1738 bello:
588 1678 658 1736 vicit
676 1677 720 1749 is,
736 1676 786 1755 qui
802 1694 867 1739 non
882 1672 938 1734 sor·

248 1757 323 1823 tund
342 1757 535 1819 inflammaret
553 1756 654 1816 odium
675 1754 780 1829 suum,
806 1753 859 1819 sed
880 1755 940 1815 bo·

251 1837 343 1899 nitate
366 1836 494 1910 leniret3
523 1855 578 1897 nec
593 1839 650 1918 ,qui
677 1854 808 1908 omnen,¹
834 1835 940 1918 quibus

250 1920 338 1978 iratus
366 1916 457 1994 esset,
480 1915 599 1979 eosdem
627 1918 714 1990 etiarn
742 1914 870 1989 exulie,
891 1929 942 1976 aut

251 2014 348 2060 morte
362 1997 466 2080 dignos
482 1997 632 2076 judicaret.
650 1997 742 2057 Arma
757 1995 868 2059 ab-aliis
884 1996 941 2077 po'·

252 2080 326 2150 sita,
349 2076 385 2135 ab
407 2077 467 2137 aliis
496 2094 598 2159 erepta
617 2077 689 2139 sunt.
718 2075 848 2159 Ingratus
877 2073 943 2150 οὓς

250 2153 425 2298 {lllllll‘
439 2157 942 2300 §llrffllssslilsl‘lffll

253 2335 338 2390 tum3
357 2335 390 2378 ut
400 2283 495 2380 ’etiam
508 2319 557 2379 ille
578 2321 614 2379 sit
629 2319 752 2392 melior,
767 2317 862 2400 quiin
878 2318 951 2390 acie·

254 2397 382 2472 cecidit,
405 2401 454 2481 qui
479 2402 509 2459 in
536 2398 619 2459 causa
643 2403 769 2458 animam
788 2395 942 2478 profudit:

255 2500 320 2563 quae
343 2482 421 2540 enim
445 2481 602 2560 pertinacia
624 2478 821 2559 quibusdam,·
835 2476 944 2549 eadem

255 2562 318 2623 aliis
336 2558 496 2621 constantia
512 2558 605 2620 videri
623 2557 730 2639 potest.

300 2660 348 2721 32.
366 2640 426 2703 Sed
445 2637 504 2720 jam
522 2642 617 2719 omnis
636 2639 722 2701 stalla
748 2635 881 2699 dissensio
902 2634 944 2699 est

256 2725 366 2796 armis,
384 2722 417 2783 δι
432 2718 567 2785 exstinda
583 2722 715 2801 aequitate
732 2718 848 2782 vidoris
860 2738 869 2776 ε
883 2736 945 2791 res·¹

257 2814 323 2871 tat,
339 2818 372 2862 ut
400 2822 503 2864 omnes
528 2821 617 2861 unum
638 2801 750 2873 velint,
775 2800 825 2880 qui
849 2797 945 2858 modb

258 2877 369 2945 habent
385 2881 494 2965 aliquid
514 2902 577 2947 non
595 2878 688 2948 sellun
708 2879 853 2964 sapientie
863 2921 875 2955 ,
892 2874 966 2988 sed.¹

127 3266 256 3452 X
