<?xml version="1.0" encoding="UTF-8"?>
<!DOCTYPE html PUBLIC "-//W3C//DTD XHTML 1.0 Transitional//EN"
    "http://www.w3.org/TR/xhtml1/DTD/xhtml1-transitional.dtd">
<html xmlns="http://www.w3.org/1999/xhtml" xml:lang="en" lang="en">
 <head>
  <title>
</title>
<meta http-equiv="Content-Type" content="text/html;charset=utf-8" />
  <meta name='ocr-system' content='tesseract 3.04.00' />
  <meta name='ocr-capabilities' content='ocr_page ocr_carea ocr_par ocr_line ocrx_word'/>
</head>
<body>
  <div class='ocr_page' id='page_1' title='image "./mtulliiciceroni04lallgoog_0407.png"; bbox 0 0 2125 3784; ppageno 0'>
   <div class='ocr_carea' id='block_1_1' title="bbox 318 324 902 429">
    <p class='ocr_par' dir='ltr' id='par_1_1' title="bbox 318 324 902 429">
     <span class='ocr_line' id='line_1_1' title="bbox 318 324 902 429; baseline 0.012 -27"><span class='ocrx_word' id='word_1_1' title='bbox 318 324 641 406; x_wconf 63' lang='lat' dir='ltr'>narn-mer</span> <span class='ocrx_word' id='word_1_2' title='bbox 672 330 777 407; x_wconf 75' lang='grc' dir='ltr'>ΧΗ.</span> <span class='ocrx_word' id='word_1_3' title='bbox 822 343 902 429; x_wconf 76' lang='lat'>425</span> 
     </span>
    </p>
   </div>
   <div class='ocr_carea' id='block_1_2' title="bbox 158 439 902 1496">
    <p class='ocr_par' dir='ltr' id='par_1_2' title="bbox 206 439 902 751">
     <span class='ocr_line' id='line_1_2' title="bbox 206 439 902 529; baseline 0.007 -23"><span class='ocrx_word' id='word_1_4' title='bbox 206 439 283 523; x_wconf 67' lang='lat' dir='ltr'>iim,</span> <span class='ocrx_word' id='word_1_5' title='bbox 306 463 339 507; x_wconf 87' lang='lat' dir='ltr'>nt</span> <span class='ocrx_word' id='word_1_6' title='bbox 348 491 359 520; x_wconf 96' lang='lat'>,</span> <span class='ocrx_word' id='word_1_7' title='bbox 380 449 404 508; x_wconf 85' lang='lat' dir='ltr'>si</span> <span class='ocrx_word' id='word_1_8' title='bbox 417 445 648 529; x_wconf 59' lang='lat' dir='ltr'>quidtremissum</span> <span class='ocrx_word' id='word_1_9' title='bbox 666 464 715 509; x_wconf 86' lang='lat' dir='ltr'>aut</span> <span class='ocrx_word' id='word_1_10' title='bbox 733 448 902 512; x_wconf 86' lang='lat' dir='ltr'>concessum</span> 
     </span>
     <span class='ocr_line' id='line_1_3' title="bbox 209 526 901 609; baseline 0.006 -22"><span class='ocrx_word' id='word_1_11' title='bbox 209 529 247 588; x_wconf 76' lang='lat' dir='ltr'>sit</span> <span class='ocrx_word' id='word_1_12' title='bbox 267 572 278 601; x_wconf 93' lang='lat'>,</span> <span class='ocrx_word' id='word_1_13' title='bbox 297 543 367 590; x_wconf 84' lang='lat' dir='ltr'>m&#39;eo</span> <span class='ocrx_word' id='word_1_14' title='bbox 386 526 502 609; x_wconf 85' lang='lat' dir='ltr'>semper</span> <span class='ocrx_word' id='word_1_15' title='bbox 523 527 654 608; x_wconf 89' lang='lat' dir='ltr'>periculo</span> <span class='ocrx_word' id='word_1_16' title='bbox 671 546 774 608; x_wconf 87' lang='lat' dir='ltr'>peccet</span> <span class='ocrx_word' id='word_1_17' title='bbox 795 530 901 591; x_wconf 82' lang='lat' dir='ltr'>Anto·</span> 
     </span>
     <span class='ocr_line' id='line_1_4' title="bbox 207 607 899 751; baseline 0.007 -82"><span class='ocrx_word' id='word_1_18' title='bbox 207 609 274 751; x_wconf 66' lang='lat' dir='ltr'>pipp</span> <span class='ocrx_word' id='word_1_19' title='bbox 283 653 297 701; x_wconf 28' lang='grc' dir='ltr'>,Ι</span> <span class='ocrx_word' id='word_1_20' title='bbox 307 628 398 749; x_wconf 63' lang='lat' dir='ltr'>qppm</span> <span class='ocrx_word' id='word_1_21' title='bbox 410 612 439 670; x_wconf 87' lang='lat' dir='ltr'>ei</span> <span class='ocrx_word' id='word_1_22' title='bbox 448 607 588 690; x_wconf 85' lang='lat' dir='ltr'>peccandi</span> <span class='ocrx_word' id='word_1_23' title='bbox 599 607 726 689; x_wconf 78' lang='lat' dir='ltr'>potestas</span> <span class='ocrx_word' id='word_1_24' title='bbox 736 632 752 671; x_wconf 82' lang='lat' dir='ltr'>a</span> <span class='ocrx_word' id='word_1_25' title='bbox 762 630 812 673; x_wconf 85' lang='lat' dir='ltr'>me</span> <span class='ocrx_word' id='word_1_26' title='bbox 825 631 899 674; x_wconf 84' lang='lat' dir='ltr'>con·</span> 
     </span>
     <span class='ocr_line' id='line_1_5' title="bbox 207 705 451 751; baseline -0.008 0"><span class='ocrx_word' id='word_1_27' title='bbox 207 706 244 751; x_wconf 63' lang='lat' dir='ltr'>CB</span> <span class='ocrx_word' id='word_1_28' title='bbox 267 706 334 751; x_wconf 71' lang='grc' dir='ltr'>ΠΙ</span> <span class='ocrx_word' id='word_1_29' title='bbox 356 705 451 751; x_wconf 62' lang='lat' dir='ltr'>casur-</span> 
     </span>
    </p>

    <p class='ocr_par' dir='ltr' id='par_1_3' title="bbox 158 766 901 1496">
     <span class='ocr_line' id='line_1_6' title="bbox 158 766 896 851; baseline 0.005 -22"><span class='ocrx_word' id='word_1_30' title='bbox 158 814 169 829; x_wconf 73' lang='lat'><em>.</em></span> <span class='ocrx_word' id='word_1_31' title='bbox 210 810 216 825; x_wconf 76' lang='lat'><em>‚</em></span> <span class='ocrx_word' id='word_1_32' title='bbox 255 786 304 847; x_wconf 85' lang='lat'>17.</span> <span class='ocrx_word' id='word_1_33' title='bbox 326 769 422 851; x_wconf 72' lang='lat' dir='ltr'>Quod</span> <span class='ocrx_word' id='word_1_34' title='bbox 439 770 463 829; x_wconf 85' lang='lat' dir='ltr'>si</span> <span class='ocrx_word' id='word_1_35' title='bbox 479 766 697 829; x_wconf 70' lang='lat' dir='ltr'>habendarum</span> <span class='ocrx_word' id='word_1_36' title='bbox 707 766 754 830; x_wconf 88' lang='lat' dir='ltr'>M.</span> <span class='ocrx_word' id='word_1_37' title='bbox 771 769 896 844; x_wconf 77' lang='lat' dir='ltr'>Antonii</span> 
     </span>
     <span class='ocr_line' id='line_1_7' title="bbox 206 847 901 933; baseline 0.004 -22"><span class='ocrx_word' id='word_1_38' title='bbox 206 847 364 923; x_wconf 73' lang='lat' dir='ltr'>latrocinio</span> <span class='ocrx_word' id='word_1_39' title='bbox 401 851 458 910; x_wconf 82' lang='lat' dir='ltr'>acis</span> <span class='ocrx_word' id='word_1_40' title='bbox 467 851 542 910; x_wconf 81' lang='lat' dir='ltr'>ratio</span> <span class='ocrx_word' id='word_1_41' title='bbox 553 847 626 922; x_wconf 88' lang='lat' dir='ltr'>fuit,</span> <span class='ocrx_word' id='word_1_42' title='bbox 643 870 711 910; x_wconf 87' lang='lat' dir='ltr'>mea</span> <span class='ocrx_word' id='word_1_43' title='bbox 721 867 821 912; x_wconf 91' lang='lat' dir='ltr'>tamen</span> <span class='ocrx_word' id='word_1_44' title='bbox 830 872 901 933; x_wconf 88' lang='lat' dir='ltr'>per·</span> 
     </span>
     <span class='ocr_line' id='line_1_8' title="bbox 207 927 900 1012; baseline 0 -19"><span class='ocrx_word' id='word_1_45' title='bbox 207 927 281 993; x_wconf 87' lang='lat' dir='ltr'>sona</span> <span class='ocrx_word' id='word_1_46' title='bbox 299 931 337 991; x_wconf 84' lang='lat' dir='ltr'>ad</span> <span class='ocrx_word' id='word_1_47' title='bbox 356 933 366 991; x_wconf 92' lang='lat' dir='ltr'>i</span> <span class='ocrx_word' id='word_1_48' title='bbox 457 950 562 1012; x_wconf 84' lang='lat' dir='ltr'>pacem</span> <span class='ocrx_word' id='word_1_49' title='bbox 580 931 790 992; x_wconf 74' lang='lat' dir='ltr'>conciliandam</span> <span class='ocrx_word' id='word_1_50' title='bbox 811 931 900 994; x_wconf 91' lang='lat' dir='ltr'>mini·</span> 
     </span>
     <span class='ocr_line' id='line_1_9' title="bbox 207 1009 901 1096; baseline 0.004 -24"><span class='ocrx_word' id='word_1_51' title='bbox 207 1010 258 1072; x_wconf 66' lang='lat' dir='ltr'>me</span> <span class='ocrx_word' id='word_1_52' title='bbox 282 1009 336 1072; x_wconf 86' lang='lat' dir='ltr'>fuit</span> <span class='ocrx_word' id='word_1_53' title='bbox 353 1010 518 1092; x_wconf 86' lang='lat' dir='ltr'>deligenda.</span> <span class='ocrx_word' id='word_1_54' title='bbox 545 1009 613 1091; x_wconf 82' lang='lat' dir='ltr'>Ego</span> <span class='ocrx_word' id='word_1_55' title='bbox 634 1032 793 1095; x_wconf 86' lang='lat' dir='ltr'><strong>numquam</strong></span> <span class='ocrx_word' id='word_1_56' title='bbox 818 1013 901 1096; x_wconf 83' lang='lat' dir='ltr'>lega·</span> 
     </span>
     <span class='ocr_line' id='line_1_10' title="bbox 208 1090 899 1175; baseline 0.001 -21"><span class='ocrx_word' id='word_1_57' title='bbox 208 1106 259 1154; x_wconf 77' lang='lat' dir='ltr'>tos</span> <span class='ocrx_word' id='word_1_58' title='bbox 274 1092 435 1166; x_wconf 82' lang='lat' dir='ltr'>mittendos</span> <span class='ocrx_word' id='word_1_59' title='bbox 448 1090 562 1153; x_wconf 85' lang='lat' dir='ltr'>censui:</span> <span class='ocrx_word' id='word_1_60' title='bbox 578 1110 636 1171; x_wconf 84' lang='lat' dir='ltr'>ego</span> <span class='ocrx_word' id='word_1_61' title='bbox 649 1109 718 1153; x_wconf 88' lang='lat' dir='ltr'>ante</span> <span class='ocrx_word' id='word_1_62' title='bbox 734 1094 899 1175; x_wconf 86' lang='lat' dir='ltr'>legatorum</span> 
     </span>
     <span class='ocr_line' id='line_1_11' title="bbox 207 1170 897 1255; baseline 0.004 -22"><span class='ocrx_word' id='word_1_63' title='bbox 207 1172 336 1245; x_wconf 77' lang='lat' dir='ltr'>reditum</span> <span class='ocrx_word' id='word_1_64' title='bbox 359 1171 519 1234; x_wconf 75' lang='lat' dir='ltr'>anforsum</span> <span class='ocrx_word' id='word_1_65' title='bbox 542 1170 659 1245; x_wconf 82' lang='lat' dir='ltr'>dicere,</span> <span class='ocrx_word' id='word_1_66' title='bbox 679 1171 786 1234; x_wconf 84' lang='lat' dir='ltr'>Pacem</span> <span class='ocrx_word' id='word_1_67' title='bbox 805 1173 897 1255; x_wconf 87' lang='lat' dir='ltr'>ipsam</span> 
     </span>
     <span class='ocr_line' id='line_1_12' title="bbox 209 1249 900 1331; baseline 0.004 -18"><span class='ocrx_word' id='word_1_68' title='bbox 209 1253 234 1313; x_wconf 74' lang='lat' dir='ltr'>si</span> <span class='ocrx_word' id='word_1_69' title='bbox 251 1251 409 1328; x_wconf 81' lang='lat' dir='ltr'>afferrent,</span> <span class='ocrx_word' id='word_1_70' title='bbox 450 1253 569 1313; x_wconf 80' lang='lat' dir='ltr'>uoniam</span> <span class='ocrx_word' id='word_1_71' title='bbox 587 1249 701 1331; x_wconf 85' lang='lat' dir='ltr'>semper</span> <span class='ocrx_word' id='word_1_72' title='bbox 713 1252 764 1314; x_wconf 92' lang='lat' dir='ltr'>sub</span> <span class='ocrx_word' id='word_1_73' title='bbox 778 1258 900 1316; x_wconf 84' lang='lat' dir='ltr'>nomine</span> 
     </span>
     <span class='ocr_line' id='line_1_13' title="bbox 208 1273 898 1470; baseline 0.004 -76"><span class='ocrx_word' id='word_1_74' title='bbox 208 1336 288 1415; x_wconf 80' lang='lat' dir='ltr'>pacis</span> <span class='ocrx_word' id='word_1_75' title='bbox 309 1335 419 1395; x_wconf 87' lang='lat' dir='ltr'>bellum</span> <span class='ocrx_word' id='word_1_76' title='bbox 429 1273 563 1405; x_wconf 58' lang='lat' dir='ltr'>smeret,</span> <span class='ocrx_word' id='word_1_77' title='bbox 581 1332 814 1470; x_wconf 48' lang='lat' dir='ltr'>rpmdiandam:</span> <span class='ocrx_word' id='word_1_78' title='bbox 838 1355 898 1417; x_wconf 80' lang='lat' dir='ltr'>ego</span> 
     </span>
     <span class='ocr_line' id='line_1_14' title="bbox 209 1413 900 1496; baseline 0 -22"><span class='ocrx_word' id='word_1_79' title='bbox 209 1415 345 1496; x_wconf 88' lang='lat' dir='ltr'>princeps</span> <span class='ocrx_word' id='word_1_80' title='bbox 362 1414 514 1496; x_wconf 83' lang='lat' dir='ltr'>sagorum:</span> <span class='ocrx_word' id='word_1_81' title='bbox 536 1431 593 1493; x_wconf 83' lang='lat' dir='ltr'>ego</span> <span class='ocrx_word' id='word_1_82' title='bbox 616 1431 718 1492; x_wconf 90' lang='lat' dir='ltr'>emper</span> <span class='ocrx_word' id='word_1_83' title='bbox 727 1413 809 1472; x_wconf 88' lang='lat' dir='ltr'>illum</span> <span class='ocrx_word' id='word_1_84' title='bbox 825 1413 900 1475; x_wconf 80' lang='lat' dir='ltr'>hos·</span> 
     </span>
    </p>
   </div>
   <div class='ocr_carea' id='block_1_3' title="bbox 207 1491 900 1736">
    <p class='ocr_par' dir='ltr' id='par_1_4' title="bbox 207 1491 900 1736">
     <span class='ocr_line' id='line_1_15' title="bbox 208 1491 898 1577; baseline -0.001 -20"><span class='ocrx_word' id='word_1_85' title='bbox 208 1512 271 1559; x_wconf 84' lang='lat' dir='ltr'>tem</span> <span class='ocrx_word' id='word_1_86' title='bbox 298 1495 465 1577; x_wconf 85' lang='lat' dir='ltr'>appesiavi,</span> <span class='ocrx_word' id='word_1_87' title='bbox 490 1514 580 1574; x_wconf 88' lang='lat' dir='ltr'>quum</span> <span class='ocrx_word' id='word_1_88' title='bbox 604 1491 651 1551; x_wconf 89' lang='lat' dir='ltr'>alii</span> <span class='ocrx_word' id='word_1_89' title='bbox 678 1493 898 1556; x_wconf 85' lang='lat' dir='ltr'>adversarium:</span> 
     </span>
     <span class='ocr_line' id='line_1_16' title="bbox 207 1573 899 1656; baseline -0.007 -16"><span class='ocrx_word' id='word_1_90' title='bbox 207 1573 324 1656; x_wconf 85' lang='lat' dir='ltr'>semper</span> <span class='ocrx_word' id='word_1_91' title='bbox 342 1575 398 1637; x_wconf 88' lang='lat' dir='ltr'>hoc</span> <span class='ocrx_word' id='word_1_92' title='bbox 415 1574 543 1645; x_wconf 89' lang='lat' dir='ltr'>bellum,</span> <span class='ocrx_word' id='word_1_93' title='bbox 559 1593 650 1652; x_wconf 85' lang='lat' dir='ltr'>quum</span> <span class='ocrx_word' id='word_1_94' title='bbox 665 1573 713 1632; x_wconf 92' lang='lat' dir='ltr'>alii</span> <span class='ocrx_word' id='word_1_95' title='bbox 728 1575 899 1635; x_wconf 76' lang='lat' dir='ltr'>tumultumr</span> 
     </span>
     <span class='ocr_line' id='line_1_17' title="bbox 208 1652 900 1736; baseline -0.004 -17"><span class='ocrx_word' id='word_1_96' title='bbox 208 1676 265 1719; x_wconf 86' lang='lat' dir='ltr'>nec</span> <span class='ocrx_word' id='word_1_97' title='bbox 280 1656 343 1717; x_wconf 79' lang='lat' dir='ltr'>haec</span> <span class='ocrx_word' id='word_1_98' title='bbox 362 1658 393 1717; x_wconf 91' lang='lat' dir='ltr'>in</span> <span class='ocrx_word' id='word_1_99' title='bbox 409 1653 509 1719; x_wconf 84' lang='lat' dir='ltr'>senatu</span> <span class='ocrx_word' id='word_1_100' title='bbox 529 1653 622 1714; x_wconf 76' lang='lat' dir='ltr'>solnm</span> <span class='ocrx_word' id='word_1_101' title='bbox 634 1674 644 1725; x_wconf 88' lang='lat'>;</span> <span class='ocrx_word' id='word_1_102' title='bbox 658 1652 762 1715; x_wconf 88' lang='lat' dir='ltr'>eadem</span> <span class='ocrx_word' id='word_1_103' title='bbox 782 1655 819 1715; x_wconf 86' lang='lat' dir='ltr'>ad</span> <span class='ocrx_word' id='word_1_104' title='bbox 838 1676 900 1736; x_wconf 88' lang='lat' dir='ltr'>po·</span> 
     </span>
    </p>
   </div>
   <div class='ocr_carea' id='block_1_4' title="bbox 206 1728 900 1883">
    <p class='ocr_par' dir='ltr' id='par_1_5' title="bbox 206 1728 900 1883">
     <span class='ocr_line' id='line_1_18' title="bbox 206 1728 900 1883; baseline -0.001 -86"><span class='ocrx_word' id='word_1_105' title='bbox 206 1728 312 1883; x_wconf 77' lang='lat' dir='ltr'>pulnm</span> <span class='ocrx_word' id='word_1_106' title='bbox 331 1734 446 1876; x_wconf 84' lang='lat' dir='ltr'>semper</span> <span class='ocrx_word' id='word_1_107' title='bbox 464 1736 530 1818; x_wconf 85' lang='lat' dir='ltr'>egi:</span> <span class='ocrx_word' id='word_1_108' title='bbox 550 1755 606 1796; x_wconf 85' lang='lat' dir='ltr'>nec</span> <span class='ocrx_word' id='word_1_109' title='bbox 624 1732 717 1795; x_wconf 75' lang='lat' dir='ltr'>soliim</span> <span class='ocrx_word' id='word_1_110' title='bbox 737 1738 768 1795; x_wconf 89' lang='lat' dir='ltr'>in</span> <span class='ocrx_word' id='word_1_111' title='bbox 787 1736 900 1817; x_wconf 89' lang='lat' dir='ltr'>ipsum,</span> 
     </span>
    </p>
   </div>
   <div class='ocr_carea' id='block_1_5' title="bbox 205 1815 899 2880">
    <p class='ocr_par' dir='ltr' id='par_1_6' title="bbox 206 1815 899 2121">
     <span class='ocr_line' id='line_1_19' title="bbox 221 1815 899 1892; baseline -0.001 -14"><span class='ocrx_word' id='word_1_112' title='bbox 221 1817 260 1878; x_wconf 88' lang='lat' dir='ltr'>ed</span> <span class='ocrx_word' id='word_1_113' title='bbox 274 1819 304 1877; x_wconf 88' lang='lat' dir='ltr'>in</span> <span class='ocrx_word' id='word_1_114' title='bbox 316 1815 377 1879; x_wconf 81' lang='lat' dir='ltr'>e&#39;us</span> <span class='ocrx_word' id='word_1_115' title='bbox 401 1818 484 1877; x_wconf 80' lang='lat' dir='ltr'>ocios</span> <span class='ocrx_word' id='word_1_116' title='bbox 497 1817 681 1889; x_wconf 79' lang='lat' dir='ltr'>facinorum,</span> <span class='ocrx_word' id='word_1_117' title='bbox 695 1816 728 1876; x_wconf 90' lang='lat'>&amp;</span> <span class='ocrx_word' id='word_1_118' title='bbox 742 1816 899 1892; x_wconf 76' lang='lat' dir='ltr'>ministros,</span> 
     </span>
     <span class='ocr_line' id='line_1_20' title="bbox 206 1839 899 1979; baseline 0.001 -21"><span class='ocrx_word' id='word_1_119' title='bbox 206 1899 249 1979; x_wconf 73' lang='grc' dir='ltr'>βι</span> <span class='ocrx_word' id='word_1_120' title='bbox 264 1839 416 1978; x_wconf 74' lang='lat' dir='ltr'>praesentes</span> <span class='ocrx_word' id='word_1_121' title='bbox 434 1941 445 1971; x_wconf 91' lang='lat'><em>‚</em></span> <span class='ocrx_word' id='word_1_122' title='bbox 466 1897 498 1958; x_wconf 88' lang='lat'>&amp;</span> <span class='ocrx_word' id='word_1_123' title='bbox 518 1917 593 1972; x_wconf 84' lang='lat' dir='ltr'>eos,</span> <span class='ocrx_word' id='word_1_124' title='bbox 611 1899 664 1977; x_wconf 87' lang='lat' dir='ltr'>qui</span> <span class='ocrx_word' id='word_1_125' title='bbox 680 1896 739 1956; x_wconf 68' lang='lat' dir='ltr'>uni</span> <span class='ocrx_word' id='word_1_126' title='bbox 756 1896 819 1960; x_wconf 87' lang='lat' dir='ltr'>sunt</span> <span class='ocrx_word' id='word_1_127' title='bbox 840 1919 850 1971; x_wconf 89' lang='lat'>;</span> <span class='ocrx_word' id='word_1_128' title='bbox 866 1899 899 1969; x_wconf 86' lang='lat' dir='ltr'>in</span> 
     </span>
     <span class='ocr_line' id='line_1_21' title="bbox 207 1976 897 2059; baseline 0 -19"><span class='ocrx_word' id='word_1_129' title='bbox 207 1994 305 2046; x_wconf 70' lang='lat' dir='ltr'>torem</span> <span class='ocrx_word' id='word_1_130' title='bbox 328 1977 455 2059; x_wconf 81' lang='lat' dir='ltr'>denique</span> <span class='ocrx_word' id='word_1_131' title='bbox 474 1977 525 2055; x_wconf 85' lang='lat' dir='ltr'>M.</span> <span class='ocrx_word' id='word_1_132' title='bbox 542 1978 668 2040; x_wconf 85' lang='lat' dir='ltr'>Antonii</span> <span class='ocrx_word' id='word_1_133' title='bbox 685 1977 809 2040; x_wconf 86' lang='lat' dir='ltr'>domum</span> <span class='ocrx_word' id='word_1_134' title='bbox 827 1976 897 2040; x_wconf 85' lang='lat' dir='ltr'>sum</span> 
     </span>
     <span class='ocr_line' id='line_1_22' title="bbox 206 2057 481 2121; baseline -0.011 0"><span class='ocrx_word' id='word_1_135' title='bbox 206 2057 270 2121; x_wconf 87' lang='lat' dir='ltr'>sem</span> <span class='ocrx_word' id='word_1_136' title='bbox 292 2079 324 2120; x_wconf 89' lang='lat' dir='ltr'>er</span> <span class='ocrx_word' id='word_1_137' title='bbox 339 2059 481 2121; x_wconf 75' lang='lat' dir='ltr'>invenus.</span> 
     </span>
    </p>

    <p class='ocr_par' dir='ltr' id='par_1_7' title="bbox 205 2081 899 2880">
     <span class='ocr_line' id='line_1_23' title="bbox 254 2081 899 2223; baseline 0.006 -25"><span class='ocrx_word' id='word_1_138' title='bbox 254 2081 301 2202; x_wconf 61' lang='lat' dir='ltr'>ag.</span> <span class='ocrx_word' id='word_1_139' title='bbox 324 2137 448 2223; x_wconf 86' lang='lat' dir='ltr'>itaque,</span> <span class='ocrx_word' id='word_1_140' title='bbox 467 2155 498 2198; x_wconf 90' lang='lat' dir='ltr'>ut</span> <span class='ocrx_word' id='word_1_141' title='bbox 514 2138 622 2201; x_wconf 82' lang='lat' dir='ltr'>alacres</span> <span class='ocrx_word' id='word_1_142' title='bbox 641 2140 673 2200; x_wconf 88' lang='lat'>&amp;</span> <span class='ocrx_word' id='word_1_143' title='bbox 688 2141 764 2213; x_wconf 87' lang='lat' dir='ltr'>laeti,</span> <span class='ocrx_word' id='word_1_144' title='bbox 780 2138 831 2221; x_wconf 90' lang='lat' dir='ltr'>spe</span> <span class='ocrx_word' id='word_1_145' title='bbox 846 2161 899 2222; x_wconf 89' lang='lat' dir='ltr'>pa·</span> 
     </span>
     <span class='ocr_line' id='line_1_24' title="bbox 207 2215 897 2302; baseline 0.001 -21"><span class='ocrx_word' id='word_1_146' title='bbox 207 2218 250 2291; x_wconf 73' lang='lat' dir='ltr'>cis</span> <span class='ocrx_word' id='word_1_147' title='bbox 270 2220 390 2295; x_wconf 72' lang='lat' dir='ltr'>oblata,</span> <span class='ocrx_word' id='word_1_148' title='bbox 410 2223 485 2281; x_wconf 87' lang='lat' dir='ltr'>inter</span> <span class='ocrx_word' id='word_1_149' title='bbox 498 2215 527 2281; x_wconf 88' lang='lat' dir='ltr'>se</span> <span class='ocrx_word' id='word_1_150' title='bbox 539 2222 620 2302; x_wconf 90' lang='lat' dir='ltr'>impii</span> <span class='ocrx_word' id='word_1_151' title='bbox 634 2224 735 2294; x_wconf 84' lang='lat' dir='ltr'>cives,</span> <span class='ocrx_word' id='word_1_152' title='bbox 754 2223 835 2302; x_wconf 82' lang='lat' dir='ltr'>quasi</span> <span class='ocrx_word' id='word_1_153' title='bbox 847 2225 897 2282; x_wconf 80' lang='lat' dir='ltr'>vi-</span> 
     </span>
     <span class='ocr_line' id='line_1_25' title="bbox 206 2298 898 2388; baseline 0.001 -26"><span class='ocrx_word' id='word_1_154' title='bbox 206 2298 340 2388; x_wconf 55' lang='lat' dir='ltr'>pissent„</span> <span class='ocrx_word' id='word_1_155' title='bbox 360 2301 603 2384; x_wconf 72' lang='lat' dir='ltr'>gratulabantur3</span> <span class='ocrx_word' id='word_1_156' title='bbox 627 2304 667 2360; x_wconf 84' lang='lat' dir='ltr'>sic</span> <span class='ocrx_word' id='word_1_157' title='bbox 692 2322 741 2362; x_wconf 88' lang='lat' dir='ltr'>me</span> <span class='ocrx_word' id='word_1_158' title='bbox 766 2304 805 2360; x_wconf 87' lang='lat' dir='ltr'>ini</span> <span class='ocrx_word' id='word_1_159' title='bbox 827 2322 898 2363; x_wconf 83' lang='lat' dir='ltr'>uum</span> 
     </span>
     <span class='ocr_line' id='line_1_26' title="bbox 210 2380 898 2465; baseline -0.001 -24"><span class='ocrx_word' id='word_1_160' title='bbox 210 2380 362 2465; x_wconf 61' lang='lat' dir='ltr'>einrabant</span> <span class='ocrx_word' id='word_1_161' title='bbox 374 2404 392 2462; x_wconf 71' lang='lat'>3¹</span> <span class='ocrx_word' id='word_1_162' title='bbox 407 2382 446 2442; x_wconf 79' lang='lat' dir='ltr'>de</span> <span class='ocrx_word' id='word_1_163' title='bbox 467 2399 517 2461; x_wconf 75' lang='lat' dir='ltr'>me</span> <span class='ocrx_word' id='word_1_164' title='bbox 536 2381 759 2461; x_wconf 74' lang='lat' dir='ltr'>querebantur:</span> <span class='ocrx_word' id='word_1_165' title='bbox 783 2381 809 2439; x_wconf 86' lang='lat' dir='ltr'>d·</span> <span class='ocrx_word' id='word_1_166' title='bbox 844 2380 898 2445; x_wconf 56' lang='lat' dir='ltr'>dee</span> 
     </span>
     <span class='ocr_line' id='line_1_27' title="bbox 206 2452 897 2556; baseline 0 -32"><span class='ocrx_word' id='word_1_167' title='bbox 206 2454 393 2556; x_wconf 61' lang='lat' dir='ltr'>lienteriam,</span> <span class='ocrx_word' id='word_1_168' title='bbox 413 2459 538 2523; x_wconf 81' lang='lat' dir='ltr'>Servilio</span> <span class='ocrx_word' id='word_1_169' title='bbox 557 2481 566 2520; x_wconf 81' lang='lat' dir='ltr'>r</span> <span class='ocrx_word' id='word_1_170' title='bbox 593 2464 806 2536; x_wconf 84' lang='lat' dir='ltr'>memineram,</span> <span class='ocrx_word' id='word_1_171' title='bbox 832 2452 897 2539; x_wconf 75' lang='lat' dir='ltr'>eiua</span> 
     </span>
     <span class='ocr_line' id='line_1_28' title="bbox 206 2538 896 2611; baseline 0.001 -9"><span class='ocrx_word' id='word_1_172' title='bbox 206 2538 354 2606; x_wconf 80' lang='lat' dir='ltr'>sententiis</span> <span class='ocrx_word' id='word_1_173' title='bbox 376 2539 524 2607; x_wconf 84' lang='lat' dir='ltr'>confixum</span> <span class='ocrx_word' id='word_1_174' title='bbox 546 2539 727 2611; x_wconf 81' lang='lat' dir='ltr'>Antonium:</span> <span class='ocrx_word' id='word_1_175' title='bbox 745 2541 784 2601; x_wconf 93' lang='lat' dir='ltr'>L</span> <span class='ocrx_word' id='word_1_176' title='bbox 797 2540 896 2603; x_wconf 81' lang='lat' dir='ltr'>Caesa·</span> 
     </span>
     <span class='ocr_line' id='line_1_29' title="bbox 206 2618 895 2703; baseline 0.003 -22"><span class='ocrx_word' id='word_1_177' title='bbox 206 2618 550 2703; x_wconf 66' lang='lat' dir='ltr'>repn„for.tem·quidem</span> <span class='ocrx_word' id='word_1_178' title='bbox 566 2620 647 2681; x_wconf 87' lang='lat' dir='ltr'>illurn</span> <span class='ocrx_word' id='word_1_179' title='bbox 666 2621 699 2681; x_wconf 87' lang='lat'>&amp;</span> <span class='ocrx_word' id='word_1_180' title='bbox 716 2618 895 2683; x_wconf 84' lang='lat' dir='ltr'>constantem</span> 
     </span>
     <span class='ocr_line' id='line_1_30' title="bbox 205 2694 895 2776; baseline -0.003 -14"><span class='ocrx_word' id='word_1_181' title='bbox 205 2696 393 2776; x_wconf 65' lang='lat' dir='ltr'>sennonem,</span> <span class='ocrx_word' id='word_1_182' title='bbox 409 2698 585 2760; x_wconf 87' lang='lat' dir='ltr'>avunculum</span> <span class='ocrx_word' id='word_1_183' title='bbox 599 2716 715 2761; x_wconf 88' lang='lat' dir='ltr'>tamen:</span> <span class='ocrx_word' id='word_1_184' title='bbox 731 2694 895 2775; x_wconf 86' lang='lat' dir='ltr'>Calenum,</span> 
     </span>
     <span class='ocr_line' id='line_1_31' title="bbox 206 2778 892 2880; baseline -0.003 -36"><span class='ocrx_word' id='word_1_185' title='bbox 206 2801 449 2880; x_wconf 85' lang='lat' dir='ltr'>procuratorem:</span> <span class='ocrx_word' id='word_1_186' title='bbox 472 2778 633 2853; x_wconf 88' lang='lat' dir='ltr'>Pisonem,</span> <span class='ocrx_word' id='word_1_187' title='bbox 655 2778 844 2840; x_wconf 82' lang='lat' dir='ltr'>familiaremr</span> <span class='ocrx_word' id='word_1_188' title='bbox 860 2797 892 2842; x_wconf 81' lang='lat' dir='ltr'>te</span> 
     </span>
    </p>
   </div>
   <div class='ocr_carea' id='block_1_6' title="bbox 206 2857 893 2970">
    <p class='ocr_par' dir='ltr' id='par_1_8' title="bbox 206 2857 893 2970">
     <span class='ocr_line' id='line_1_32' title="bbox 206 2857 893 2970; baseline -0.004 -42"><span class='ocrx_word' id='word_1_189' title='bbox 206 2864 301 2970; x_wconf 61' lang='lat' dir='ltr'>ipsum</span> <span class='ocrx_word' id='word_1_190' title='bbox 314 2909 326 2942; x_wconf 95' lang='lat'>,</span> <span class='ocrx_word' id='word_1_191' title='bbox 341 2861 452 2943; x_wconf 85' lang='lat' dir='ltr'>Pansa,</span> <span class='ocrx_word' id='word_1_192' title='bbox 469 2861 757 2948; x_wconf 78' lang='lat' dir='ltr'>¹vehementissimum</span> <span class='ocrx_word' id='word_1_193' title='bbox 775 2860 809 2926; x_wconf 77' lang='grc' dir='ltr'>δι</span> <span class='ocrx_word' id='word_1_194' title='bbox 830 2857 893 2942; x_wconf 62' lang='lat' dir='ltr'>sor:</span> 
     </span>
    </p>
   </div>
   <div class='ocr_carea' id='block_1_7' title="bbox 0 0 1068 3784">
    <p class='ocr_par' dir='ltr' id='par_1_9' title="bbox 0 0 1068 3784">
     <span class='ocr_line' id='line_1_33' title="bbox 0 0 1068 3784; baseline 0 0"><span class='ocrx_word' id='word_1_195' title='bbox 0 0 1068 3784; x_wconf 95' lang='lat' dir='ltr'> </span> 
     </span>
    </p>
   </div>
  </div>
 </body>
</html>
