2125 3784
252 396 306 470 90
476 370 705 442 orario

307 513 445 558 ceronam
480 490 612 582 rogati,
660 489 690 557 C
691 489 784 582 aesczri
818 491 943 584 gratias

302 583 431 682 egiffent
442 634 455 667 ,
487 588 614 662 Cicero,
646 589 703 676 qui
721 586 886 685 statuerat
908 588 944 656 iri

295 703 480 776 perpetuum
496 705 615 767 tacere,
629 683 826 775 sententiam
853 708 942 777 roga*

303 803 377 864 tus,
401 779 512 872 Caefhri
531 780 655 872 gratias
674 781 735 874 egit
748 780 810 848 hac
827 782 943 849 oratio·

305 905 345 947 nc
357 925 368 958 ,
394 903 488 969 quam
511 878 621 944 habuit
642 880 676 945 in
687 877 830 969 senatu,
854 902 942 944 anno

312 969 395 1042 urbis
423 998 505 1064 707.
530 975 632 1040 utatis
659 978 709 1042 61.
737 972 861 1064 Caefhre
885 992 941 1041 ter·

311 1068 393 1140 tirim
413 1072 442 1141 δ’
465 1069 516 1139 Μ.
535 1070 651 1161 Lepido
675 1065 748 1167 coff.
819 1146 823 1151 ,

265 1225 562 1355 ἰῦιυτυυσι
583 1292 711 1366 silentii,
735 1289 840 1355 Panes
870 1313 944 1355 con·

256 1371 374 1455 scripti,
403 1395 461 1456 quo
485 1394 564 1435 eram
583 1373 626 1435 his
648 1373 831 1454 temporibus
848 1372 943 1448 usus,

256 1474 318 1514 non
339 1455 446 1514 timore
470 1457 592 1532 aliquo,
619 1453 668 1514 sed
691 1454 797 1535 partim
816 1452 945 1525 dolore,

257 1536 362 1617 partim
385 1535 580 1607 verecundi,
597 1532 685 1596 finem
703 1534 865 1596 hodiernus
885 1535 944 1596 dies

258 1616 377 1690 attulit3
401 1617 539 1697 idemque
561 1617 698 1687 initium,
722 1637 787 1696 quae
808 1615 943 1689 vellem,

258 1715 379 1775 quaeque
398 1696 553 1766 sentirem,
575 1715 644 1755 meo
663 1695 781 1775 pristino
802 1715 887 1756 more
902 1696 945 1754 di·

258 1775 354 1833 cendi.
368 1773 494 1836 Tantam
513 1777 592 1834 enim
605 1775 873 1850 mansuetudinem,
886 1793 946 1836 tam

257 1854 453 1930 inusitatam,
485 1853 699 1937 inauditamque
731 1855 945 1930 clementiam,

259 1951 372 1996 tantum
396 1940 426 1996 in
452 1934 562 1995 summa
586 1935 729 2017 potestate
755 1956 854 1997 rerum
880 1954 946 1996 om-

260 2016 340 2072 nium
361 2017 503 2085 modum,
522 2033 582 2073 tam
604 2017 728 2096 denique
746 2015 947 2077 incredibilem

259 2091 447 2170 sapientiam,
459 2117 493 2154 ac
506 2115 584 2175 pene
598 2096 744 2170 divinam,
754 2097 857 2157 tacitus
867 2096 946 2158 nullo

261 2172 354 2234 modo
368 2179 511 2255 praeterire
523 2175 644 2255 possum.
656 2176 701 2236 M.
711 2178 788 2237 enim
801 2176 949 2238 Marcello

242 2252 366 2328 nobis,
387 2253 484 2316 Patres
509 2256 683 2335 conscripti,
704 2259 802 2336 reique
824 2256 950 2337 publicai

261 2333 395 2412 reddito,
410 2358 471 2397 non
483 2335 573 2395 solum
587 2337 678 2411 illius,
690 2336 739 2397 sed
750 2357 847 2398 meam
861 2339 949 2399 etiam

261 2434 390 2490 vocem,
416 2420 447 2478 &
474 2415 692 2489 audioritatem,
721 2419 753 2476 &
781 2417 891 2490 vobis,
916 2418 949 2477 &

262 2497 428 2575 reipublicae
462 2493 694 2570 conservatam,
728 2520 762 2580 ac
787 2495 951 2559 restitutam

288 2595 348 2637 uto,

266 2598 285 2658 p
305 2678 331 2716 2.
358 2656 508 2719 Dolebam
530 2659 629 2730 enim,
650 2656 748 2718 Patres
767 2657 951 2738 conscripti,

263 2755 296 2793 ac
315 2739 504 2799 vehementer
521 2741 668 2820 angebat,
683 2758 771 2818 quum
793 2739 950 2812 viderem,

264 2815 359 2873 virum
379 2820 488 2891 talem,
511 2821 559 2958 psui
578 2822 608 2876 in
630 2818 734 2878 eadem
751 2817 832 2877 causa
856 2817 927 2879 effer
939 2863 953 2892 ,

265 2892 370 2975 inqua
393 2916 450 2980 ego
471 2897 512 2958 fui
534 2917 610 2973 em,
633 2921 694 2960 non
715 2901 745 2960 in
765 2898 873 2962 eadem
892 2897 953 2964 effe

149 3294 351 3440 Α
