2125 3784
189 361 271 439 372·
303 341 362 413 ΙΝ
381 341 434 411 M:
459 340 868 437 Aarorttrtrff·“''3'⁵

235 478 302 527 tum
323 458 359 524 in
381 460 594 548 comparando
616 461 752 529 exercitu
774 458 873 548 irrisu-

224 574 345 641 ¹renat,
359 555 611 643 confirmandam
626 552 681 650 effe
696 557 872 645 provincia¹

234 646 540 746 administrationem
573 701 587 735 ,
621 653 731 741 quoad
762 653 794 719 a·
830 676 872 720 ex

197 764 210 777 ··
235 748 274 816 S.
294 746 330 814 C.
338 746 517 838 flaccessum
534 741 611 842 effct.
647 746 876 817 MANUTIUS..

185 933 212 996 Ῑ.
230 867 307 998 M
317 957 480 999 maus
497 937 874 1022 tibi‚Panla‚gratiaeont·

188 1038 241 1078 nes
258 1018 289 1078 δι
305 1020 413 1080 habere
429 1065 439 1094 ‚
456 1021 490 1080 ὃ(
513 1043 529 1080 a
551 1040 600 1080 ere
621 1020 780 1080 debemus:
800 1023 890 1101 qui,-

187 1117 276 1179 quum
292 1100 436 1160 hodierno
454 1101 502 1160 die
530 1117 647 1161 enatum
660 1117 693 1159 te
706 1100 872 1167 habiturum

188 1178 250 1237 n'on
267 1181 486 1253 arbitraremur3
502 1198 534 1240 ut
551 1180 597 1239 M.
616 1179 716 1254 Bruti,
732 1178 874 1260 praestan·

187 1259 289 1319 tissimi
313 1262 401 1333 civis,
425 1262 535 1320 litteras
552 1259 701 1341 accepisti,
719 1280 758 1320 ne
780 1261 872 1320 mitti-

188 1352 266 1399 mam
287 1342 406 1421 quidem
424 1361 539 1400 moram
560 1337 775 1420 interposuisti,
802 1342 877 1421 quin

188 1418 276 1499 quim
295 1422 422 1501 primlrm
441 1424 568 1480 maximo
588 1420 693 1500 gaudio
716 1420 749 1479 δι
769 1437 872 1502 gratu·

186 1499 297 1559 htione
326 1499 498 1561 frueremur.
529 1499 631 1579 Quum
657 1498 764 1561 fallunt
788 1517 873 1561 tuum

187 1597 303 1663 gratum
331 1581 463 1641 omnihus
485 1581 573 1640 debet
599 1577 687 1654 effe,
710 1597 774 1640 tum
797 1582 872 1643 veti>

189 1663 284 1720 oratio
303 1705 312 1733 ,
334 1662 412 1742 quai,
431 1662 555 1722 recitatis
575 1659 701 1732 litteris,
727 1658 792 1720 usus
818 1681 869 1724 est

188 1732 334 1801 ileclarasti
358 1745 465 1815 enim,
488 1738 674 1801 verum'ess'e
702 1740 762 1815 id,
790 1742 871 1825 quod

190 1839 249 1901 ego
266 1820 323 1881 sem
348 1841 379 1880 er
391 1820 481 1892 sensi,
500 1823 649 1880 neminem
666 1819 806 1898 alterius,
823 1824 873 1905 qui

184 1900 244 1960 suae
260 1841 441 1972 corridere,
455 1903 555 1961 virtuti
569 1900 712 1961 invidete.

232 2000 260 2040 2.
277 1979 379 2059 Itaque
394 1983 484 2051 mihi,
500 1982 548 2059 qui
559 1980 686 2059 plurimis
699 1976 799 2040 officiis
812 1979 873 2041 firm

190 2079 256 2118 cum
274 2059 364 2118 Bruto
385 2059 417 2116 &
436 2059 561 2117 maximi
583 2058 776 2120 familiaritate
800 2083 873 2121 con·

188 2135 321 2215 junelus,
335 2139 428 2196 minias
439 2137 530 2198 mulia
542 2139 579 2199 de
592 2139 643 2200 illo
657 2140 779 2201 dicenda
793 2141 875 2201 sunt:

190 2224 259 2296 quas
284 2218 361 2277 enim
378 2216 437 2298 ipse
455 2217 525 2279 mihi
550 2237 646 2300 partes
673 2219 873 2301 sumpseram,

190 2316 239 2358 eas
277 2300 393 2379 recepit
412 2301 506 2359 oratio
524 2315 583 2359 tua.
603 2299 662 2361 Sed
673 2300 758 2374 mihi,
774 2300 876 2363 Patres

188 2319 362 2458 contempti,
378 2382 581 2440 necessitatem
595 2381 691 2441 attulit
706 2382 795 2461 paulis
809 2384 872 2465 plu·

188 2481 221 2523 ra
239 2461 354 2519 dicendi
370 2460 508 2520 sementia
523 2459 607 2538 ejus,
625 2463 675 2541 qui
691 2479 810 2541 rogatus
831 2461 871 2523 est

188 2556 257 2598 ante
277 2560 324 2600 me
343 2561 353 2612 3
380 2563 397 2601 a
418 2562 477 2621 quo
498 2544 537 2600 ita
558 2540 631 2622 saepe
657 2538 788 2601 dissentio
809 2585 825 2617 ἢ
840 2559 872 2601 ut

187 2618 248 2698 jam
260 2640 380 2692 verear,
399 2641 456 2694 ne,
468 2620 498 2678 id
515 2621 596 2702 quod
609 2622 726 2680 minime
743 2619 806 2680 fieri
823 2622 875 2683 de-

188 2701 260 2772 bet,
279 2702 410 2760 minuere
426 2703 580 2761 amicitiam
595 2698 720 2762 nostram
737 2701 873 2763 videatur

187 2797 329 2859 perpetua
349 2779 496 2841 diffensio.
682 2856 685 2861 ¹
821 2800 826 2815 “

192 2902 195 2911 ·
228 2876 256 2938 3.
279 2860 357 2942 Quae
376 2859 417 2933 ell
432 2862 512 2922 enim
529 2858 581 2922 ista
596 2860 758 2939 metatio,
778 2858 871 2924 Cale·
