2125 3784
265 367 348 462 466
383 365 441 436 In
462 366 512 435 M.
535 369 825 439 Annoutum

258 487 308 564 qui
328 481 406 563 quasi
427 501 537 542 cornua
558 482 617 541 duo
631 499 785 544 tenuerunt
807 481 944 560 Caesaris,

255 580 339 635 tum,
357 582 445 643 quum
461 563 517 622 iilae
534 564 604 624 vere
625 581 720 644 partes
742 565 944 627 vocabantur?

256 641 311 703 Hae
328 644 399 704 verb
411 643 548 723 quaesunt
563 661 658 724 partes
670 689 679 717 ‚
689 665 778 725 quum
789 646 889 708 alteris
905 646 944 708 ser·

256 723 340 785 natus
359 723 511 784 auctoritas
521 769 533 798 ‚
545 725 647 806 populi
663 725 790 785 Romani
807 727 942 802 libertas,

255 805 423 886 reipublicae
441 804 511 866 salus
531 808 682 886 proposita
698 808 732 865 sit
742 827 752 880 ;
773 806 871 868 alteris
891 830 942 868 cae·

255 886 308 948 des
330 887 502 959 bonorum,
525 887 603 945 urbis
623 884 771 966 Italiaeque
795 889 912 967 partitio
929 887 941 949 i

254 965 418 1033 Veniamus
433 967 589 1048 aliquando
605 966 642 1025 ad
656 967 823 1028 clausulam.

294 1047 324 1108 X
330 1048 388 1126 Xi,
422 1052 539 1130 Legatos
557 1048 647 1120 venire
665 1071 721 1109 non
741 1052 833 1120 credo.
864 1047 943 1115 Bene

255 1148 306 1190 me
329 1131 424 1190 novit.
449 1129 559 1189 Bellum
601 1122 637 1187 uti
661 1131 771 1189 veniat..
786 1125 942 1211 Proposito

234 1209 411 1292 ..praesertim
432 1210 569 1290 exemplo
584 1152 766 1271 i)olabe11ae.
792 1208 942 1275 sanctiore

256 1309 361 1364 erunt,
375 1291 483 1364 credo,
498 1288 561 1370 jure
574 1290 683 1372 legati,
697 1289 784 1370 quim
798 1292 860 1352 duo
872 1312 942 1353 con·

254 1369 328 1432 sules
353 1389 453 1432 contra
476 1393 550 1452 quos
572 1392 651 1430 arma
667 1368 739 1431 fert:
761 1370 851 1452 quim
875 1371 942 1434 ca·

254 1450 318 1526 sat,
339 1451 419 1532 cujus
437 1455 524 1535 patris
543 1453 649 1512 flamen
664 1449 722 1512 est:
739 1452 828 1533 quim
844 1451 941 1515 consul

255 1532 442 1617 designatus,
461 1555 550 1616 quem
570 1550 739 1616 oppugnat:
759 1531 849 1614 quam
868 1533 940 1594 Mu·

224 1626 228 1634 '
254 1615 346 1690 tina,
370 1637 455 1698 quam
478 1615 618 1675 obsidet:
641 1613 728 1696 quim
751 1617 845 1693 patria
861 1615 876 1689 ,'
896 1617 941 1679 cui

253 1694 374 1778 ignem,
394 1695 560 1776 ferrumque
577 1697 731 1756 minitatur.
753 1700 847 1776 Quum
862 1719 941 1758 vent·

252 1779 330 1848 rint,
351 1799 408 1856 qua
428 1779 589 1858 postulent,
609 1776 775 1858 cognoscam.
803 1776 888 1857 Quin
910 1792 939 1847 tu

253 1856 315 1916 abis
329 1859 358 1917 in
376 1859 481 1918 malam
496 1855 627 1938 pestem,
645 1857 813 1939 malumque
836 1860 940 1918 crucia·

252 1937 338 1998 turn?
359 1938 409 1999 Ad
429 1957 458 2000 te
477 1935 623 2019 quisquam
645 1939 763 2010 veniat‘,
782 1941 840 1998 nisi
855 1938 938 1999 Ven-

252 2019 320 2081 tidii,
332 2019 451 2079 similis?
468 2018 575 2079 Oriens
588 2017 753 2078 incendium
770 2021 822 2097 qui
841 2018 938 2080 restin-

275 2116 394 2172 uerent,
418 2097 547 2158 summos
568 2099 647 2158 viros
671 2099 801 2158 misimus
820 2121 831 2175 ;
852 2122 939 2183 repu-

249 2119 351 2239 iusti:
371 2200 446 2239 nunc
463 2181 491 2238 in
508 2195 619 2239 tantam
634 2180 802 2254 flammam,
822 2198 939 2264 tamque

252 2261 442 2321 inveteratam
460 2263 634 2332 mittamus,
654 2282 742 2342 quum
765 2261 866 2324 locum
889 2265 939 2324 tibi

253 2343 395 2423 reliquum
421 2364 479 2402 non
500 2342 644 2402 modoad
668 2362 800 2424 pacem,
826 2345 877 2406 sed
901 2364 936 2413 ne

252 2423 291 2485 ad
316 2426 494 2485 deditionem
511 2425 630 2505 quidem
650 2421 776 2490 feceris?

296 2524 345 2578 49.
371 2505 453 2564 Hanc
474 2526 532 2587 ego
550 2502 719 2584 epistolam,
739 2502 847 2575 Patres,
863 2525 936 2564 con·

251 2584 366 2667 scripti,
386 2610 446 2646 non
467 2589 525 2667 quo
546 2588 626 2645 ilium
646 2586 764 2668 dignum
785 2602 935 2664 putarem,

251 2672 392 2740 recitavi,
408 2668 456 2729 sed
471 2686 502 2728 ut
518 2667 747 2729 confessionibus
764 2668 853 2747 ipsius
871 2685 934 2725 orn·

251 2753 300 2809 uia
334 2749 476 2832 patefacta
507 2747 571 2828 ejus
604 2747 754 2831 parricidia
789 2747 932 2819 videretis.

252 2827 332 2894 Cum
353 2833 411 2893 hoc
429 2851 534 2914 pacem
551 2830 598 2895 Μ.
615 2829 763 2912 Lepidm,
781 2829 828 2892 vit
846 2849 932 2891 orua-
