2125 3784
258 330 334 424 384
369 327 426 402 In
451 326 828 402 M.'·Auro·rr1·uu
939 410 942 415 ¹

256 447 306 526 qui
327 444 423 505 honos
440 440 506 525 post
518 443 664 502 conditam
676 442 752 501 hanc
771 443 880 504 urbem
893 441 943 504 hai

256 526 333 588 bitus
349 524 389 586 est
402 543 433 585 to
455 543 512 584 ato·
521 539 587 583 ante
601 543 648 583 me
659 525 779 583 nemini.

256 645 265 673 ,2
299 623 346 678 14.
375 605 409 665 L.
431 546 556 676 {arsam
583 604 739 663 avunculus
764 622 862 676 tuus,
887 602 947 686 qud.

255 688 410 758 oratione,
434 686 490 766 qud
511 684 693 754 constantii,
718 684 778 764 qud
801 685 947 765 gravitate¹

224 786 226 791 ’
254 762 425 833 sententiam
439 767 510 824 dixin
523 766 553 822 in
567 762 671 822 sororis
683 761 740 822 suae
756 764 859 823 virum
869 807 882 834 ,
901 766 948 845 vie¹

255 846 360 905 tticum
381 845 487 905 tuum?
509 845 585 904 hunc
604 858 635 903 tu
653 864 744 924 quum
765 843 944 917 audiorem,

259 922 293 984 &
323 926 536 1006 praeceptorem
567 925 698 983 omnium
720 925 942 996 consiliorum,

258 1005 402 1088 totiusque·
419 1009 486 1073 vita
505 1001 644 1065 debniffes
657 1002 788 1076 habere,
806 1004 903 1085 viniei
916 1020 942 1063 re

258 1086 401 1161 similem,
420 1086 508 1168 quim
524 1084 657 1144 avunculi
670 1081 727 1143 effe
739 1082 885 1143 maluisti:
899 1084 947 1161 hui¹

257 1162 304 1245 jus
323 1186 380 1248 ego
399 1168 506 1227 alienus
522 1164 646 1224 consiliis
664 1161 765 1223 consul
782 1161 849 1223 usus
869 1161 944 1235 sumr

258 1241 413 1313 rusororis
428 1244 520 1318 filius,
541 1243 644 1323 ecquid
661 1243 699 1304 ad
715 1262 786 1304 eum
806 1264 825 1304 u
881 1262 942 1303 uam

260 1324 299 1395 de
319 1326 466 1406 republica
483 1321 622 1386 retulisti?
639 1342 669 1383 at
686 1323 725 1383 ad
741 1344 820 1406 quos
837 1343 869 1385 re
901 1318 942 1383 rt?

260 1404 301 1465 dii
321 1407 518 1468 immortales!
539 1403 576 1464 ad
597 1423 650 1464 eos
669 1401 797 1476 scilicet,
822 1420 943 1485 quorum

260 1485 346 1547 nobis
365 1489 452 1546 etiam
464 1487 524 1546 dies
538 1485 646 1545 natales
658 1483 796 1545 audiendi
812 1482 888 1544 sunt.
934 1506 948 1540 ι.

268 1607 278 1633 .,.
306 1584 352 1646 ¹5·
379 1567 479 1629 Hodie
508 1586 570 1626 non
595 1562 741 1625 descendit
771 1563 943 1625 Antoninon

261 1646 334 1706 eur?
357 1646 405 1706 dar
423 1647 548 1707 natalitia
565 1647 594 1704 iu
611 1645 701 1705 hortis
717 1665 726 1705 ι
743 1646 795 1704 eui
812 1643 825 1704 ἓ
850 1643 943 1705 nemi·

262 1745 332 1785 nem
357 1727 541 1786 nominabo:
564 1741 665 1805 putate
688 1743 750 1785 tum
776 1723 946 1785 Phormioni

261 1805 347 1865 alicui
358 1850 368 1879 ‚
380 1824 442 1866 rum
454 1804 606 1877 Gnatoni,
618 1820 681 1865 rum
696 1803 832 1866 Ballioni.
849 1802 881 1865 0
894 1802 946 1875 foee

264 1884 385 1959 ditarem
395 1887 525 1953 ‚hominis
544 1885 581 1947 fla
602 1883 731 1944 'tiosami
751 1882 947 1965 dimpuden·

263 1966 357 2037 tiam,
382 1967 564 2048 nequitiam,
582 1905 733 2024 iibidinem
756 1985 819 2024 nou
846 1962 948 2031 serene

265 2044 353 2105 dam!
373 2062 404 2106 tu
424 2067 511 2126 quum
529 2047 689 2126 principem
705 2042 891 2118 senatorem,
905 2045 950 2109 cie

264 2145 336 2187 vem
364 2126 567 2208 singularem,
592 2140 652 2184 tam
676 2125 873 2204 propinquum
899 2122 953 2185 ba*

264 2205 357 2279 beas,
377 2206 412 2266 ad
431 2227 498 2267 eum
514 2205 552 2265 de
569 2205 715 2285 republica
730 2203 801 2263 nihil
818 2202 947 2277 refer-1⁵3

265 2286 304 2345 ad
323 2306 374 2347 eos
390 2285 518 2359 referas,
537 2285 585 2365 qui
603 2284 681 2344 suam
697 2305 760 2345 rem
770 2283 881 2345 nullam
896 2284 949 2345 bb-

264 2364 361 2438 bent,
384 2383 462 2426 ruam
488 2363 683 2427 exhauriunt?
703 2363 787 2425 Tuus
810 2363 950 2427 videlicet

265 2442 393 2505 salutaris
411 2443 593 2514 consulatus,
631 2442 781 2504 erniciosus
796 2464 893 2505 meus.
937 2500 941 2509 .

307 2523 386 2584 Vll.
412 2524 540 2585 Adeone
559 2465 702 2604 pudorem
721 2544 787 2583 cum
811 2522 949 2605 pudicitie

265 2602 431 2686 perdidisti,
452 2621 483 2664 ut
496 2605 554 2665 hoc
571 2607 600 2664 in
612 2624 650 2664 eo
662 2604 775 2684 templo
788 2604 889 2665 dicere
903 2622 952 2664 au·

266 2684 311 2763 sus
331 2687 387 2760 sis,
409 2687 439 2746 in
459 2706 518 2766 quo
541 2704 599 2765 ego
617 2683 746 2744 senatum
768 2684 852 2753 illum
871 2727 883 2758 ‚
900 2701 952 2823 gur

268 2765 416 2842 quondam
440 2766 548 2825 florens
570 2765 634 2825 orbi
651 2781 791 2826 terrarum
810 2763 899 2860 Pfaefi.
919 2780 954 2859 e·

268 2841 343 2918 bat,
363 2844 570 2921 consulebam
588 2861 621 2906 tu
642 2843 775 2907 homiues
792 2843 955 2927 perditun·

123 3280 314 3458 Α
