2125 3784
147 300 198 355 20
364 277 589 348 OnArro

142 415 203 453 non
219 389 271 451 suis
285 395 406 473 propriis
420 390 549 471 judiciis,
563 389 613 452 sed
627 391 656 451 in
672 409 755 452 reum
764 389 829 452 faci

142 475 178 531 tis
195 473 380 532 condemnari
401 473 503 534 solent.
522 471 622 553 ltaque
639 474 663 530 si
681 489 730 531 aut
750 493 829 553 prae·

144 553 197 612 des
213 551 332 614 dediilet
347 553 508 625 Gabinius,
522 568 571 611 aut
587 568 700 612 tantum
716 571 752 612 ex
764 549 829 630 ejus

143 633 229 692 bonis
248 678 258 706 ,
280 653 386 714 quanta
406 632 514 693 summa
531 633 623 691 litium
640 629 753 703 fuiss'et,
772 652 829 711 pu·

145 712 229 792 pulus
246 712 411 794 recepill'et3
422 714 552 795 quamvis
563 733 666 850 maffia
676 710 713 772 ad
729 709 831 780 Postu·

146 813 227 852 mum
245 795 282 853 ab
300 816 337 855 eo
354 797 476 874 pecunia
491 795 612 874 perveni
636 810 688 863 et,
705 811 765 852 non
784 811 830 852 re·

146 873 309 954 digeretur:
327 893 358 934 ut
375 874 496 956 intelligi
513 872 596 932 facile
614 872 729 951 possit,
748 869 829 1009 {uod

148 974 186 1016 ex
203 975 237 1013 ea
254 958 395 1034 pecunia,
413 976 499 1035 quarn
514 955 623 1032 ceperit
636 954 679 1023 is,
692 951 741 1031 qui
771 972 831 1010 am·

150 1052 234 1094 natus
251 1033 311 1106 est,
350 1033 487 1096 erveniile
502 1036 530 1093 in
547 1033 598 1092 illo
614 1033 709 1111 primo
721 1029 830 1110 judicio

150 1115 268 1196 planum
286 1057 393 1176 fadum
412 1117 468 1188 sit,
486 1113 516 1174 id
535 1113 591 1172 hoc
608 1131 715 1194 genere
734 1108 832 1190 judicii

152 1196 244 1274 redigi
261 1195 363 1256 solere.

193 1275 239 1353 38.
260 1274 345 1335 Nunc
362 1273 518 1354 veroquid
538 1295 554 1332 a
575 1271 653 1332 itur?
674 1271 724 1330 ubi
742 1287 832 1332 terra-

149 1374 213 1414 rum
229 1354 343 1416 sumus?
363 1354 431 1435 quid
448 1372 507 1413 tam
523 1293 648 1413 indolens
660 1396 670 1426 ‚
684 1368 745 1411 tam
764 1371 832 1433 per-

149 1433 292 1510 versum,
315 1431 560 1516 preposterumve
580 1432 636 1493 dici
653 1476 662 1505 ‚
681 1447 729 1491 aut
745 1451 833 1493 exco-

152 1517 236 1598 gitari
254 1514 539 1596 potestiAccusatur
557 1516 602 1586 is,
622 1514 747 1594 quinon
769 1512 835 1571 abs·

151 1598 216 1654 tulit
231 1618 247 1655 a
263 1617 353 1676 rege,
374 1598 445 1654 sicut
460 1594 601 1654 Gabinius
617 1591 760 1669 judicatus
776 1590 834 1665 ell3

150 1673 202 1735 sed
227 1677 276 1812 (Eri
301 1676 454 1733 maximam
478 1675 539 1753 regi
551 1674 715 1808 <fecuniam
740 1673 836 1732 credi·

154 1755 205 1814 dit.
258 1774 311 1836 rgo
329 1755 352 1811 is
372 1750 499 1812 Gabinio
512 1753 548 1811 de
571 1753 611 1824 it,
631 1752 751 1831 quinon
770 1752 837 1814 huic

154 1835 291 1896 reddidit.
313 1833 378 1894 Jarn
394 1832 468 1892 cedo
484 1877 494 1904 ,
514 1851 602 1914 quum
614 1832 660 1902 is,
680 1833 729 1911 qui
743 1852 837 1912 pecu-

156 1919 233 1974 niam
249 1911 385 1971 Postumo
404 1911 524 1984 debuit,
538 1932 599 1969 non
615 1911 698 1983 huic,
709 1910 760 1972 sed
776 1912 838 1973 Ga·

155 1991 235 2052 binio
246 1991 373 2062 dederit3
382 1991 580 2051 condemnato
590 1988 718 2051 Gabinio
726 2037 735 2064 ‚
743 1996 838 2053 utrium

154 2072 275 2212 illlibean}
290 2072 442 2152 pecuniam
454 2071 598 2146 reddidit,
610 2093 646 2132 an
663 2074 749 2133 etiam
761 2095 838 2136 nunc

180 2173 196 2212 e
219 2170 268 2211 et.

197 2231 293 2292 XIV.
317 2229 360 2291 At
378 2229 483 2305 habet,
500 2231 531 2292 δι
547 2232 642 2292 celat:
656 2232 719 2292 sunt
741 2236 839 2307 enirn,

156 2315 205 2394 qui
220 2316 259 2371 ita
273 2315 435 2392 loquantur.
455 2313 549 2391 Quod
561 2333 651 2394 genus
667 2313 785 2372 tandem
798 2314 839 2374 est

157 2392 231 2453 illud
256 2391 483 2467 ostentationis,
513 2393 546 2452 ὃ(
573 2392 698 2474 gloriae?
721 2392 751 2453 Si
771 2394 841 2454 nihil

157 2472 296 2535 habuillet
314 2493 470 2552 umquam,
490 2489 610 2545 tamen,
633 2475 656 2532 si
676 2473 840 2553 quaesillet,

160 2577 211 2614 cur
227 2559 249 2613 is
267 2553 455 2613 dissimularet
471 2554 600 2622 habere,
618 2551 699 2611 causa
715 2574 774 2611 non
789 2571 840 2609 es-

161 2633 220 2692 set:
235 2637 284 2715 qui
299 2635 372 2695 verb
391 2634 450 2694 duo
468 2634 545 2692 lauta
566 2633 597 2692 &
614 2630 730 2711 copiosa
749 2632 840 2709 patri-

162 2717 261 2776 monia
280 2712 448 2799 accepillet,
466 2731 588 2795 remque
602 2727 739 2792 praeterea
755 2709 841 2774 bunis
