2125 3784
331 340 656 441 Burtrrrrcu
686 339 742 410 ΙΙ.
811 362 886 416 201

242 473 291 538 45.
310 455 410 519 Nemo
428 448 675 595 umguam'puer,
689 472 803 536 emptus
823 454 890 514 libio

199 531 274 595 dinis
291 539 391 611 causi,
405 554 464 598 tam
510 540 531 596 it
548 539 577 595 in
597 537 707 596 domini
724 533 888 617 potestate,

220 616 287 675 uim
297 633 329 678 tu
341 621 372 677 in
387 616 522 677 Curionis
533 634 542 673 t
554 619 667 696 quoties
683 631 713 676 te
748 633 809 676 ater
821 613 898 694 ejus·

198 636 292 755 domo
312 696 359 758 sud
377 696 483 776 ejecit?
502 698 614 777 quoties
634 638 766 757 custodes
778 694 886 777 posuit,

183 795 236 836 me
253 776 343 837 limen
360 774 501 836 intrares?
517 797 605 856 quum
620 791 719 836 tamen
734 794 783 846 ru,
797 775 885 836 nosle

196 852 294 929 socii,
308 857 443 917 hortante
460 855 599 930 libidine,
624 871 751 938 cogente
769 863 888 916 merce}

198 934 259 1007 de,
274 956 329 1016 per
351 937 459 1076 tegulas
478 935 679 998 demitterere:
698 957 764 1016 quar
779 935 888 1018 flagitia

198 1014 306 1075 domus
317 1016 365 1076 illa
400 1018 482 1076 iurius
495 1016 571 1077 serre
586 1037 646 1076 non
660 1018 766 1096 potuit.
785 1014 885 1078 Scisne

197 1115 247 1155 me
268 1095 305 1156 de
326 1096 411 1156 rebus
431 1097 500 1157 mihi
521 1099 678 1156 notissimis
698 1095 816 1156 dicere?
837 1116 885 1156 re·

197 1175 318 1236 cordate
342 1193 402 1236 tem
424 1197 456 1237 us
476 1175 567 1249 illud,
589 1195 678 1256 quum
697 1193 780 1257 pater
790 1173 884 1237 Curio

197 1275 323 1316 ruoerens
341 1199 456 1336 jacelat
474 1259 504 1315 in
521 1256 616 1327 lett03
629 1253 722 1330 filius,
739 1254 768 1317 se
782 1256 818 1315 ad
831 1262 885 1336 pe'·

198 1334 249 1395 des
266 1354 350 1396 meos
391 1336 574 1408 redemeris,
593 1334 756 1474 lacr‘ymaus
767 1352 798 1396 te
811 1335 882 1396 mihi

196 1358 443 1490 commendalau
462 1416 586 1488 orabat,
600 1432 632 1474 ut
659 1431 787 1475 econtra
800 1415 883 1475 suuni

194 1513 335 1577 patrem,
359 1499 383 1556 si
409 1493 569 1557 sestertium
593 1492 719 1575 sexagies
745 1512 884 1577 peteret,

195 1575 412 1636 defenderem:
432 1592 545 1635 rantum
565 1575 644 1635 enim
665 1574 696 1634 se
714 1596 769 1655 pro
788 1593 818 1636 te
830 1577 888 1637 ··in·.

194 1653 355 1716 tercessisse
373 1655 486 1714 dicebat
498 1675 505 1715 ε
518 1653 578 1736 ipse
596 1671 693 1716 autem
711 1675 813 1717 amore
831 1676 882 1717 ar-

194 1736 269 1796 dens
293 1734 506 1808 confirmabat,
535 1734 615 1815 quod
641 1734 815 1796 desiderium
839 1736 882 1796 tui

195 1815 305 1877 discidii
329 1814 406 1876 serre
427 1836 487 1874 non
503 1813 616 1896 pollet,
640 1814 669 1876 se
694 1815 724 1875 in
752 1815 884 1877 exsilium

197 1894 256 1958 esse
271 1898 388 1956 iturum.

201 1991 205 2005 ²
230 1975 288 2051 46.
302 1975 376 2056 Quo
392 1993 450 2058 ego
470 1991 608 2056 tempore
627 1989 705 2036 tanta
728 1973 803 2034 mala
823 1975 882 2036 flo-

195 2057 365 2116 tentissimae
383 2055 497 2116 familiae
515 2054 631 2130 sedavi,
650 2055 699 2117 vel
717 2057 812 2135 potiirs
823 2055 887 2116 sus·

196 2136 250 2196 tuli
266 2157 273 2195 :
289 2139 362 2216 patri
387 2135 531 2218 persuasi,
558 2155 589 2197 ut
617 2158 655 2196 aes
681 2136 806 2197 alienum
832 2134 882 2197 stlii

196 2214 363 2278 dissolveret
375 2237 382 2276 :
398 2217 553 2281 redimeret
565 2216 799 2287 adolescentem,
811 2215 884 2276 sum·
923 2218 925 2220 ’

196 2298 246 2358 mai
263 2295 336 2437 ξε,
357 2297 390 2357 &
407 2298 514 2369 animi,
529 2299 571 2364 t&
584 2298 694 2379 ingenii
706 2296 881 2378 praeditum3

195 2378 240 2438 rei
294 2379 407 2437 miliaris
428 2376 630 2449 facultatibus;
650 2397 715 2438 eum
739 2396 778 2436 ue
796 2396 812 2436 a
831 2393 884 2437 tua

431 2459 457 2472 ,,
493 2374 527 2470 ,“
681 2398 737 2471 ‚s

196 2455 885 2619 stillisidlllssrslilzlssllittit

197 2617 270 2678 Haec
281 2637 311 2679 tu
325 2639 413 2700 quum
425 2637 478 2698 per
487 2637 535 2678 me
547 2617 607 2676 asia
622 2614 794 2677 meminisses
805 2636 814 2686 3
828 2617 883 2674 nisi

195 2698 275 2771 illis,
322 2719 374 2758 uos
392 2699 546 2768 videmus,
568 2697 668 2777 gladiis
692 2693 879 2770 confideres¹,

196 2720 358 2841 malediliis
373 2797 425 2838 me·
437 2795 601 2857 provocare
617 2775 697 2836 ausus
716 2773 808 2836 effes?
862 2790 868 2824 t

237 2857 337 2922 xlx„
354 2857 414 2946 Sed
426 2855 488 2939 jam
498 2855 615 2948 stupra,
630 2858 663 2920 δι
674 2855 781 2996 ῆῖςὶτία
793 2856 884 2950 omit·

728 2958 769 3002 ν.
835 2960 838 2967 .
