2125 3784
239 325 299 408 84
463 323 692 396 Outrto

235 441 364 502 fortunas
393 457 494 513 meas,
515 461 548 502 ac
575 439 733 498 liberorum
762 453 939 514 meorum

236 523 267 580 in
280 522 517 580 communionem
535 537 652 579 tuorum
665 537 840 599 temporum
856 516 930 580 con·

236 600 305 660 tuli:
321 601 378 659 hoc
394 600 518 683 denique
536 599 597 681 ipso
616 600 684 673 die,
704 600 728 658 si
745 601 871 678 quavis
890 596 934 664 est

236 698 359 762 parata,
382 681 483 761 siqua
510 680 656 741 dimicat-io
678 681 783 759 capitis
810 677 934 754 futura,

240 760 381 842 deposco.
405 760 488 842 Quid
507 758 568 840 jam
586 759 695 822 restat?
719 757 792 840 quid
811 759 932 834 habeo,

238 842 320 919 quod
344 842 464 902 dicam?
494 843 575 923 quod
598 841 702 902 faciam
733 843 792 920 p'ro
816 843 876 901 tuis
903 842 933 900 in
954 881 956 884 -

240 943 290 983 me
311 925 438 997 meritis,
459 924 514 983 nisi
528 939 560 983 ut
579 941 644 982 eam
662 919 837 994 fortunam,
857 942 933 1003 quae·

241 1024 366 1085 cumque
385 1006 439 1064 erit
451 1020 521 1077 tua,
541 1004 644 1063 ducam
655 1021 752 1061 meam
765 999 778 1059 ἓ
799 998 876 1062 Non
886 1019 934 1062 re·

243 1083 330 1158 cuso,
348 1105 410 1144 non*
426 1084 522 1144 abnuo
534 1081 666 1163 :vosque
681 1079 810 1141 obsecro
817 1110 838 1154 ,-
849 1081 934 1143 ludi&v

242 1184 312 1239 ces,
332 1181 363 1224 ut
379 1163 474 1224 vestra
488 1163 650 1237 beneficia,
668 1183 735 1242 quae
748 1163 781 1220 in
797 1163 852 1222 me
865 1182 933 1229 con·
958 1171 960 1175 '

243 1242 361 1317 tulistis,
388 1264 436 1303 aut
454 1244 484 1302 in
502 1242 586 1323 hujus
605 1241 697 1303 salute
711 1242 867 1323 augeatis,
887 1258 934 1302 aut

243 1324 274 1383 in
296 1322 424 1402 ejusdem
441 1327 529 1384 exitio
553 1323 686 1384 occasura
705 1319 763 1383 effe
779 1322 916 1383 videatis.

286 1400 472 1463 XXXVII.
491 1404 545 1463 His
564 1404 700 1484 lacrymis
717 1422 780 1462 non
797 1419 936 1464 movetur

245 1481 323 1544 Milo
335 1505 342 1542 :
356 1481 397 1544 est
408 1484 542 1565 ‘quodam
560 1482 723 1544 incredibili
742 1481 856 1545 robore
872 1485 936 1544 aui·

246 1566 289 1624 mi
299 1565 448 1626 :exsilium
459 1564 499 1624 ibi
513 1562 571 1625 elle
581 1580 684 1646 putat,
701 1563 752 1622 ubi
764 1565 868 1640 virtuti
878 1583 937 1623 non

246 1647 283 1704 sit
301 1646 400 1705 locus:
414 1662 542 1704 mortem
556 1662 663 1704 naturae
677 1643 767 1704 finem
785 1641 846 1704 else
856 1689 866 1718 ‚
878 1663 940 1704 nou

246 1744 375 1802 poenam.
396 1722 439 1783 Sit
455 1723 502 1783 hic
519 1725 554 1784 eti
570 1742 691 1799 mente,
706 1723 764 1804 qui
779 1740 866 1783 natus
879 1722 937 1785 est:

248 1803 320 1884 quid
347 1824 421 1877 vos,
441 1801 582 1864 ludices?
608 1826 668 1885 quo
688 1803 811 1864 tandem
841 1807 941 1865 animo

250 1884 351 1946 eritis?
374 1887 547 1945 memoriam
566 1884 687 1946 Milonis
701 1884 885 1960 retinebitis;
895 1888 941 1967 ip·

158 2014 161 2025 ,
250 1964 310 2024 sum
331 1963 449 2043 ejicietis
462 1965 473 2024 ἒ
498 1967 530 2026 &
545 1969 598 2026 erit
615 1967 731 2049 dignior
743 1965 826 2024 locus
839 1968 870 2035 in
882 1981 941 2026 ter·

125 2096 128 2101 .
250 2045 288 2100 ris
299 2044 390 2116 ullus,
402 2047 450 2125 qui
462 2045 536 2105 hanc
546 2049 685 2107 virtutem
698 2047 844 2126 excipiat,
855 2045 944 2129 quint

151 2175 153 2178 ,
250 2122 319 2194 hic,
338 2126 395 2203 qui¹
405 2127 595 2204 procreavit?
615 2127 702 2200 Vos,
718 2147 774 2188 vos
797 2126 942 2208 appello,

252 2199 400 2263 fortissimi
420 2207 497 2278 viri,
514 2209 562 2286 qui
582 2207 708 2267 multum
725 2227 780 2288 pro
793 2207 946 2287 republica

252 2281 418 2365 sanguinem
438 2283 571 2346 effudistis
581 2307 589 2344 ι
599 2308 653 2347 vos
670 2289 700 2345 in
716 2289 771 2346 viri
785 2288 818 2348 ἃ
831 2290 861 2347 in
874 2288 945 2348 civis

253 2364 352 2424 invidi
364 2366 482 2446 appello
494 2367 642 2446 periculo,
657 2369 862 2439 centuriones,
873 2389 944 2429 vos·

254 2464 312 2526 que
330 2447 453 2506 milites:
469 2447 554 2504 vobis
569 2467 630 2504 non
647 2447 739 2506 modb
757 2446 949 2528 inspedlanti·

253 2526 329 2598 hus,
350 2524 400 2585 sed
424 2527 510 2585 eriam
531 2527 669 2599 armatis,
689 2526 721 2586 δι
744 2527 812 2587 huic
833 2527 948 2607 judicio

254 2607 496 2686 presidentibus,
521 2606 583 2666 haec
608 2608 688 2667 tanta
711 2609 801 2667 virtus
824 2629 863 2670 ex
893 2609 951 2675 hae

256 2689 327 2779 urbe
358 2688 541 2811 expelletur?
563 2687 818 2748 exterminabitur?
850 2689 950 2771 proji-

260 2783 347 2826 cietur
362 2815 369 2827 .
946 2776 949 2783 ’

301 2863 371 2910 ron·
383 2848 416 2912 0
432 2869 480 2910 me
501 2813 653 2910 miserim!
670 2846 689 2909 ὂ
705 2866 756 2910 me
774 2831 955 2923 infelicem}
