2125 3784
191 391 243 472 '42
415 371 634 444 Onarro

231 507 279 563 24.
288 485 321 549 P.
333 485 456 549 Clodius
469 509 559 571 quum
573 485 708 550 statuisset
721 487 807 550 omni
817 489 879 553 scei

189 572 251 633 lere
269 573 299 630 in
315 587 437 650 praetura
454 589 563 631 vexare
579 570 813 651 rempublicam,
829 575 878 634 vi·

189 652 330 734 deretque
349 653 388 712 ita
409 650 499 711 tracia
520 649 577 712 elle
592 653 711 712 comitia
732 673 815 713 anno
832 652 879 713 su·

189 736 324 814 periore,
340 749 372 792 ut
387 753 449 792 non
463 731 571 792 multos
590 730 701 793 menses
720 749 878 813 praeturam

209 834 290 875 erere
316 811 434 896 pollet:
452 813 502 895 qui
521 834 582 872 non
607 813 728 877 honoris
751 813 877 895 gradum

188 837 348 976 lpebiaret,
364 909 395 954 ut
406 896 512 968 ceteri,
529 893 580 954 sed
595 894 628 955 &
640 892 675 954 L.
686 892 810 954 Paulum
820 895 877 955 col·

188 977 285 1058 legam
309 972 438 1058 effugere
464 975 579 1050 vellet,
607 975 740 1056 singulari
767 978 877 1036 virtute

188 1061 306 1131 civem,
329 1056 484 1117 &annum
502 1057 646 1137 integrum
664 1054 701 1114 ad
715 1054 875 1116 dilaceran-

189 1138 258 1197 dam
268 1137 476 1217 rempublicam
486 1151 641 1216 quaereret:
650 1133 745 1194 subitb
760 1136 876 1218 reliquit

189 1239 298 1278 annum
314 1216 413 1288 suum,
431 1214 518 1298 seque
530 1219 561 1276 in
578 1225 686 1276 annum
706 1218 875 1296 proximum

186 1298 350 1371 transtulit,
370 1318 453 1369 non,
470 1313 501 1356 ut
515 1294 571 1369 fit,
597 1295 745 1378 religione·
758 1296 873 1380 aliqua,

187 1378 238 1440 sed
267 1395 299 1438 ut
322 1375 463 1450 haberet,
485 1377 567 1458 quod
590 1375 650 1456 ipse
675 1375 815 1451 dicebat,
838 1376 875 1438 ad

188 1474 342 1540 praeturam
366 1456 546 1539 gerendam,
566 1457 624 1516 hoc
647 1455 708 1529 est,
730 1456 768 1517 ad
785 1477 876 1519 evet-

186 1538 308 1600 tendam
331 1536 566 1619 rempublicam,
594 1537 716 1619 plenum
743 1558 874 1613 aunum,

187 1637 275 1703 atque
296 1622 450 1700 integrum.

229 1719 277 1779 25.
289 1698 471 1759 Occurrebat
486 1699 531 1771 ei,
544 1719 678 1758 mancam
693 1719 727 1757 ac
741 1697 874 1760 debilem

186 1795 340 1860 praeturam
361 1776 438 1837 suam
455 1775 598 1855 futuram,
611 1776 726 1838 consule
737 1777 873 1840 Milone:

187 1879 256 1920 eum
280 1857 371 1943 porrb
389 1855 501 1917 summo
529 1857 667 1919 consensu
687 1857 791 1940 populi
811 1859 875 1920 Ro·

185 1940 263 2000 mani
283 1937 429 2000 consulem
450 1936 512 1998 fieri
528 1939 679 2011 videbat:
702 1938 827 2000 contulit
842 1938 874 2001 se

184 2021 222 2080 ad
242 2018 304 2095 ejus
329 2021 559 2098 competitores;
575 2018 624 2080 sed
644 2021 706 2090 ita,
725 2035 819 2079 totam
841 2037 875 2081 ut

185 2101 357 2180 petitionem
378 2097 438 2179 ipse
457 2098 554 2174 solus,
569 2102 657 2160 etiam
677 2101 773 2159 invitis
795 2101 877 2175 illis,

184 2178 376 2260 gubernarem
402 2196 465 2240 tota
487 2197 519 2239 ut
541 2182 663 2240 comitia,
678 2178 794 2254 suis,ut
811 2181 874 2242 dic·

184 2260 304 2332 titabat,
330 2258 455 2321 humeris
482 2259 629 2320 sustineret
656 2281 663 2319 :
687 2260 873 2322 convocabat

184 2342 274 2400 tribus
283 2360 290 2399 τ
300 2339 330 2401 se
339 2342 545 2421 interponebat
556 2362 563 2399 ε
576 2339 723 2402 Collinam
740 2352 875 2416 novam,

184 2420 298 2482 delesiu
335 2421 572 2481 erditissimorum
595 2423 720 2494 civium,
743 2421 876 2483 conscri-

184 2502 280 2562 bebat.
299 2441 421 2581 &uantb
438 2500 487 2563 ille
505 2500 587 2581 plura
608 2501 767 2575 miscebat,
787 2504 873 2565 taotb

187 2584 233 2642 hic
251 2584 340 2664 magis
355 2580 459 2642 indies
474 2579 707 2644 convalescebat.
722 2581 784 2643 Ubi
796 2584 872 2647 vidit
910 2652 915 2659 ,

185 2662 295 2737 homo,
309 2662 346 2726 ad
356 2683 445 2723 omne
456 2661 565 2722 facinus
579 2663 794 2742 paratissimus,
807 2664 873 2724 sor-

187 2744 326 2805 tissimum
336 2745 446 2816 virum,
458 2745 688 2803 inimicissimum
699 2741 798 2817 suum,
812 2765 874 2806 cer·

187 2823 326 2883 tissimum
351 2823 520 2895 consulem,
538 2823 626 2902 idque
646 2822 787 2884 intellexit
809 2846 875 2891 non·

187 2898 280 2964 solun
290 2901 486 2978 sermonibus,
504 2902 653 2966 sedetiam
666 2902 802 2989 suffragiis
815 2927 871 2990 po·
