2125 3784
308 304 642 429 Pnrnrrrr'cr
663 357 738 426 XI.
794 376 870 452 393

184 491 247 554 quo
259 474 393 534 nimirum
407 474 618 535 documentum
630 495 684 535 nos
698 494 802 556 capere
816 473 879 534 for·

184 569 257 612 tuna
271 555 385 627 voluit,
400 555 471 634 quid
491 552 561 615 ellet
578 553 660 615 vidis
680 554 875 637 extimescenf

186 633 269 692 dum.
289 633 479 694 Consularem
492 635 876 708 hominem‚consulariim·'

185 716 271 794 perio
288 716 469 795 provinciam
486 714 587 773 Asiam
607 710 809 789 obtinentem,
824 714 878 775 Sa·

185 796 291 853 miario
312 793 400 854 exsuli
420 794 559 854 tradidit:
577 793 740 857 interficere
757 800 875 876 captum

185 871 282 933 statim
302 874 414 946 noluit,
431 896 469 934 ne
487 878 590 949 nimis,
608 876 718 948 crede,
736 875 876 936 invido-

186 954 231 1014 ria
253 953 375 1014 liberalis
399 955 571 1015 videretur:
598 976 689 1036 quum
715 956 877 1016 verborum

185 1036 372 1115 contumeliis
392 1038 537 1116 optimum
558 1036 654 1096 virum
682 1035 798 1097 incesto
822 1046 876 1098 ore

186 1113 356 1188 lateraliet,
380 1129 441 1174 tum
468 1115 638 1176 verberibus
658 1138 691 1177 ac
719 1119 875 1179 tormentis

186 1193 377 1276 questionem
396 1195 495 1254 habuit
513 1199 645 1276 pecuniae
667 1197 809 1276 publicae,
828 1196 874 1255 id-

187 1295 248 1357 que
266 1295 320 1356 per
336 1274 481 1333 biduum:
503 1273 569 1353 post
594 1277 754 1336 cervicibus
779 1276 876 1337 fratris

175 1420 177 1425 ,
190 1372 276 1435 caput
286 1353 424 1428 abscidit,
434 1354 523 1434 idque
538 1352 663 1414 adfixum
680 1355 782 1436 gestari
793 1355 878 1434 jussit

188 1437 220 1494 in
243 1437 329 1516 pilo:
352 1436 493 1515 reliquum
514 1455 619 1514 corpus
642 1435 762 1494 traiium
786 1453 876 1517 atque

149 1569 152 1574 ,
188 1515 328 1577 laniatum
348 1513 454 1593 abjecit
468 1518 497 1574 in
517 1535 608 1574 mare.
629 1513 708 1574 Cum
721 1514 874 1577 hochoste

185 1595 359 1657 ¹bellandum
379 1594 440 1666 est;
461 1617 477 1654 a
491 1593 572 1672 cujus
586 1597 733 1655 teterrima
750 1594 878 1655 crudeli-

188 1693 251 1737 tate
264 1678 358 1735 omnis
372 1674 502 1734 barbaria
515 1675 545 1735 su
568 1691 647 1736 erata
658 1673 710 1736 est.
768 1675 818 1735 uid
831 1676 878 1735 10¹·

190 1778 262 1839 quar
280 1756 319 1816 de
333 1755 414 1821 ,crede
429 1758 536 1816 civium
547 1696 762 1816 llomanorum.
784 1755 820 1816 de
832 1757 880 1815 dib

188 1839 325 1919 reptione
345 1835 502 1897 fanorum?
522 1838 584 1916 quis
604 1835 664 1908 est,
682 1839 732 1918 qui
752 1857 807 1917 pro
827 1855 878 1897 re·

190 1938 254 1979 rum
267 1920 418 1978 atrocitate
431 1916 585 1998 deplorare
597 1932 691 1977 tantas
701 1916 878 1976 calamitates

189 1997 299 2081 queat?
319 1999 352 2058 &
366 2018 442 2058 nunc
459 1997 522 2056 toti
532 1993 605 2056 Asia
617 2013 756 2078 vagatur,
773 1996 878 2057 volitat

191 2095 224 2139 ut
235 2099 302 2139 rex:
314 2097 366 2136 nos
381 2078 438 2137 alio
454 2077 535 2137 bello
549 2077 671 2139 detineri
683 2092 781 2158 putat:
794 2078 877 2158 quasi

190 2161 266 2220 verb
279 2179 347 2217 non
364 2176 453 2215 unum
470 2156 609 2239 idemque
625 2157 736 2218 bellum
750 2159 786 2219 sit
803 2177 878 2218 con·

189 2257 237 2301 tra
259 2240 316 2298 hoc
336 2235 436 2318 jugum
453 2236 612 2317 impiorum'
624 2237 775 2298 nefarium.

186 2346 191 2355 ·
235 2319 301 2379 ΙΙΙ.
323 2316 485 2400 Imaginem
504 2316 550 2375 M.
562 2317 686 2379 Antonii
700 2316 880 2390 crudelitatis

192 2401 224 2461 in
240 2394 535 2460 Dolabella'cernitis
552 2416 560 2454 τ
580 2416 617 2458 ex
635 2399 692 2458 hue
702 2398 761 2458 illa
783 2396 878 2471 effitsta

192 2478 251 2541 est:
264 2480 299 2540 ab
318 2479 376 2537 ltoc
391 2475 559 2538 Dolabellae
577 2475 715 2539 scelerum
730 2495 880 2561 praecepta

192 2559 258 2621 sunt
283 2559 396 2620 tradita.
431 2555 512 2617 Num
537 2557 706 2632 leniorem‚·
735 2558 831 2639 quim¹
844 2561 880 2620 iu

194 2640 267 2702 Asia
283 2637 442 2700 Dolabella
462 2636 534 2709 fuit,
552 2635 703 2710 initalia,
726 2638 751 2696 'si
773 2637 879 2712 liceat,

194 2721 260 2783 fo're
285 2722 389 2802 putatis
409 2715 595 2778 Antonium?
617 2717 689 2778 mihi
707 2716 827 2797 quidem
846 2716 882 2778 δι

193 2803 244 2862 ille
264 2796 425 2882 pervenisse
453 2798 591 2871 videtur,
618 2795 883 2881 quoadprog'redi

193 2884 324 2966 potuerit
342 2881 397 2946 ieri
410 2880 536 2946 hominis
547 2881 675 2945 amentia
685 2878 884 3024 hucque&

732 2978 755 3026 V,

824 3108 887 3418 r
