2125 3784
312 368 656 451 *emmim
692 370 752 451 V.'.
793 366 874 452 edf-

185 488 262 558 lltles
285 496 417 557 noudum
439 495 604 570 haberetis,
620 490 813 570 decrevistis,
838 504 873 552 ut

186 577 224 637 dt
246 576 284 638 de
302 579 425 657 praemiis
446 575 590 648 militum,
610 573 693 634 &de
711 573 873 633 honoribus

174 657 399 738 ¹imperatorum
421 659 516 734 primo
536 674 653 735 quoque
668 672 801 734 tempore
822 672 873 712 re·

183 732 321 797 ferretur.
348 734 445 796 Placet
467 735 573 794 eodem
594 752 654 794 tem
678 752 729 794 ore
753 735 870 813 praemia

165 814 364 885 ⁴constituere
379 816 433 888 iis,
493 815 620 874 icoutra
674 814 807 874 monium
826 833 873 872 ard

181 914 235 957 ma
262 913 430 976 ceperunt,
453 833 622 976 &legatos
645 893 684 954 ad
707 891 871 953 Antonium

183 975 328 1036 mittere?
343 990 374 1034 ut
384 973 443 1052 jam
452 973 622 1053 pudendum
633 975 691 1046 sit,
706 971 873 1032 honestiora

183 1053 307 1116 decreta
326 1052 382 1115 effe
399 1055 570 1134 legionum,
588 1053 675 1134 qudm
693 1051 822 1113 senatus:
835 1055 875 1110 si·

227 1134 307 1194 idem
323 1135 454 1215 legiones
471 1132 664 1193 decreverunt
677 1131 806 1192 senatum
821 1132 876 1192 de-

240 1213 309 1274 dere
336 1231 438 1274 contra
464 1213 512 1273 Μ.
540 1214 704 1273 Antonium
726 1232 736 1285 3
761 1210 876 1270 senatus

186 1294 318 1355 decernit
331 1294 444 1376 legatos
454 1291 491 1352 ad
505 1292 680 1353 Antonium.
693 1291 799 1352 Utritm
813 1292 876 1351 hoc'

187 1371 229 1434 est
246 1371 417 1434 confirmare
434 1373 558 1433 militum
577 1375 711 1448 animos,
731 1392 768 1433 au
787 1369 871 1432 debi-

187 1453 270 1515 litare
286 1453 448 1514 virtutem?
691 1509 696 1516 .
873 1463 876 1469 '

194 1582 200 1605 2
229 1550 256 1614 ς.
281 1534 350 1594 Hoc
368 1535 430 1594 dies
444 1533 599 1594 duodecim
614 1531 822 1615 profecerunt,
839 1547 874 1591 ut

186 1633 277 1695 quem
295 1632 384 1674 nemo
404 1631 534 1693 ,praeter
556 1613 725 1693 Cotylam,
744 1630 806 1673 tum
824 1615 875 1672 iu·v

186 1712 294 1759 ventus
311 1695 366 1765 sit,
378 1695 427 1773 qui
446 1692 635 1767 defenderet,
654 1697 677 1754 is
692 1693 796 1754 habeat
810 1690 876 1771 jam'

185 1790 330 1856 patronos
353 1775 439 1832 etiam
467 1772 662 1835 consulares?
688 1776 737 1854 qui
762 1774 874 1832 utinam

185 1874 291 1914 omnes
319 1870 387 1914 aute
409 1871 458 1912 me
475 1852 645 1914 sementiam
671 1853 871 1934 rogaremur!

184 1931 389 2015 (quamquam
413 1926 571 2013 suspicor,
594 1933 663 2014 quid
684 1933 783 1991 diduri
807 1931 873 1999 suut

208 2016 417 2075 uidameorum
429 2057 439 2086 ,
453 2017 500 2094 qui
518 2013 583 2095 post
601 2033 649 2073 me
668 2002 871 2095 rogabuntur)

183 2035 296 2156 deintus
308 2092 410 2153 contri
425 2093 572 2167 dicerem,
586 2098 609 2153 si
626 2094 695 2174 quid
707 2093 870 2155 videretur:

185 2172 231 2234 est
262 2176 340 2234 enlm
366 2175 467 2255 opinio
496 2217 506 2247 ,
531 2174 713 2235 decreturum
743 2175 871 2254 aliquem

185 2253 238 2315 M.
253 2253 386 2313 Antonio
394 2253 471 2313 illam
484 2253 615 2314 ultimam
626 2253 771 2325 Galliam,
783 2274 871 2335 quam

184 2330 310 2394 Plancus
326 2334 448 2394 obtinet.
463 2332 546 2411 Quid
562 2333 602 2392 est
618 2334 712 2405 aliud,
725 2336 822 2392 omnia
833 2334 872 2392 ad

185 2413 296 2476 bellum
316 2415 400 2474 civile
420 2411 493 2473 hosti
512 2433 591 2472 arma
611 2413 653 2472 lat
673 2415 681 2428 '
698 2411 728 2472 'l
744 2415 870 2493 primum

186 2513 296 2556 nervos
321 2494 417 2567 belli,
443 2433 785 2572 pecuniam'iudditam,
813 2495 871 2572 qud

186 2592 265 2635 nunc
288 2591 379 2654 eget3
399 2573 506 2632 deinde
530 2574 708 2652 equitatum,
731 2588 872 2651 quantum

184 2654 278 2714 velit:
295 2656 453 2733 equitatum
473 2651 565 2710 dico?
585 2651 745 2723 dubitabit,
762 2648 887 2724 credo,¹

185 2749 289 2815 gentes
306 2733 441 2791 barbaras
457 2730 554 2789 secum
570 2730 722 2789 adducere.

193 2866 196 2871 .
226 2812 257 2873 6.
281 2811 350 2872 Hoc
364 2813 412 2892 qui
428 2831 488 2871 uun
500 2810 603 2883 videt,
617 2829 720 2869 excors
737 2805 793 2867 est:
808 2810 870 2888 qui,

184 2912 277 2979 quum
292 2892 398 2966 videt,
414 2890 545 2955 deceruit
554 2891 695 2974 ,impiae
713 2887 762 2951 Tu
772 2888 875 2958 citent
