2125 3784
231 402 317 454 pao
334 384 368 452 C.
388 389 572 453 Raarrtro
592 385 806 456 Poswsro.
834 407 882 477 19
970 478 972 482 Ι

193 518 257 558 rem
273 496 447 571 militarem,
465 498 574 558 datam.
595 496 668 558 Non
688 498 749 573 est,
766 504 795 562 in
816 502 882 575 uit,

193 595 256 637 turn
271 577 477 637 Alexandrinis
493 577 613 638 testibus
625 580 777 640 creditum.
831 581 883 643 uid

194 655 882 742 polleaiCredeturnunc.QuamobremiQuia

189 758 267 799 nunc
280 741 381 810 aiunt,
399 738 480 818 quod
496 755 564 799 tunc
581 739 736 819 negabant.

233 835 285 899 3⁴5.
310 818 395 897 Quid
414 839 483 900 ecgo
500 818 512 879 ἓ
529 816 581 879 ista
600 821 734 880 conditio
752 819 794 882 est
815 836 877 882 tes·

187 899 263 961 tium
276 942 286 970 ,
304 915 336 956 ut
349 942 360 970 ,
373 899 474 978 quibus
488 899 635 960 creditum
649 923 710 960 non
722 904 760 960 sit
772 921 883 982 negan-

187 979 286 1051 tibus,
306 976 406 1038 iifdem
424 979 561 1039 credatur
579 979 764 1040 dicentibus?
783 981 882 1054 At,si

188 1079 294 1118 verum
311 1073 395 1132 tum,
413 1081 505 1140 quum
519 1060 672 1119 verissimi
688 1060 786 1120 fronte
801 1061 882 1122 dixe·

187 1155 284 1212 runt,
308 1158 384 1198 nunc
411 1156 609 1203 mentiuntur:
629 1142 653 1198 si
675 1156 744 1199 tunc
766 1142 882 1200 mentiti

187 1217 251 1278 sunt
268 1239 282 1292 ;
301 1218 427 1279 doceant
448 1240 504 1278 nos
524 1239 641 1279 verum.
668 1219 753 1298 Quid
768 1219 881 1281 vultis?

189 1297 299 1358 sileant.
321 1295 433 1359 Dicere
452 1299 640 1358 audiebamus
653 1297 881 1374 Alexandriam,

187 1399 265 1440 nunc
288 1377 517 1460 cognoscimus:
544 1380 623 1438 illinc
639 1400 744 1441 omnes
768 1377 880 1461 praesti·

186 1461 256 1540 giae:
274 1459 376 1530 illinc,
390 1461 529 1541 inquam,
547 1480 653 1520 omnes
663 1459 798 1520 fallaciae:
815 1481 881 1520 om·

185 1542 232 1600 nia
256 1539 384 1619 denique
408 1541 444 1600 ab
460 1541 504 1599 his
529 1542 689 1599 mimorum
710 1557 880 1620 argumenta

185 1636 252 1682 nata
268 1617 347 1677 sunt:
362 1638 419 1676 nec
431 1620 504 1677 mihi
517 1619 635 1698 longius
651 1619 809 1698 quidquam
820 1617 882 1693 ell,

184 1699 326 1770 ludices,
385 1697 432 1756 aim
444 1698 547 1758 videre
561 1698 713 1756 hominurn
731 1698 838 1758 vultus.

226 1776 330 1839 XIII.
386 1779 499 1839 inerunt
512 1779 558 1837 bic
572 1777 666 1838 modb
678 1777 827 1839 nobiscum
838 1778 877 1840 ad

185 1859 247 1922 baec
265 1857 414 1934 subsellia,
430 1857 703 1953 quibussuperciliis
719 1878 876 1923 renuentes

184 1940 253 2003 huic
275 1939 378 2001 decern
403 1939 526 1998 tuillium
546 1938 689 1998 crimini?
710 1937 770 2016 jam
789 1939 884 2016 nostis,

184 2020 373 2081 insulsitatem
395 2018 569 2081 Graecorum
588 2042 597 2082 ε
616 2018 743 2081 humeris
763 2017 876 2101 gestum

184 2101 332 2182 agebant:
350 2117 434 2174 turn,
454 2101 615 2181 temporis,
635 2099 750 2173 medo,
766 2102 873 2163 causi:

184 2203 262 2241 nunc
277 2179 385 2240 scilicet
403 2201 518 2262 tempus
541 2180 651 2240 nullum
670 2177 722 2240 est.
746 2179 807 2239 Ubi
824 2179 873 2242 se·

184 2262 246 2322 mel
271 2263 333 2342 quis
357 2257 559 2342 pejeraverit,
583 2261 610 2322 ei
632 2261 711 2322 credi
740 2261 873 2340 postea,

185 2344 274 2405 etiam
290 2344 315 2400 si
350 2359 381 2403 er
391 2342 487 2420 plures
502 2342 577 2400 deos
591 2339 666 2418 juret
676 2358 765 2412 ,non
780 2362 872 2421 opor·

184 2439 245 2484 tet:
263 2361 440 2502 praeldrtim,
457 2422 595 2494 ludices,
611 2441 702 2500 quum
716 2423 745 2478 in
763 2422 807 2480 bis
824 2419 874 2498 ju-

185 2503 266 2562 diciis
288 2522 328 2561 ne
345 2500 427 2562 locus
448 2501 566 2583 quidem
588 2521 672 2561 novo
690 2499 755 2559 telli
781 2500 873 2560 soleat

186 2581 244 2642 olle
257 2602 268 2653 ;
283 2582 323 2641 ob
338 2600 459 2663 eamque
477 2580 589 2642 causam
604 2581 694 2639 iidem
703 2577 814 2654 judices
826 2598 874 2636 re·

183 2665 350 2734 tineamur,
370 2666 419 2742 qui
434 2662 541 2723 fuerint
552 2660 589 2718 de
603 2679 674 2728 reo;
695 2676 726 2715 ut
743 2659 786 2717 his
802 2674 874 2719 uota

182 2748 241 2808 sint
258 2743 379 2814 omnia,
392 2763 489 2823 neque
499 2740 569 2822 quid
584 2736 654 2818 fingi
665 2738 737 2797 novi
750 2738 851 2816 possit.

226 2842 277 2908 37.
306 2822 410 2898 Lites,
432 2823 483 2905 qud
507 2845 541 2884 ea
556 2818 678 2904 pecunia
695 2819 848 2900 pervenerit
859 2856 873 2891 ,
