2125 3784
302 406 397 460 ruo
423 389 638 460 Mrrour.
774 405 823 486 73

135 522 199 567 tam
218 507 359 580 demens,
381 507 430 587 qui
458 507 538 575 hoe,
554 502 586 563 P.
601 502 711 565 Clodio
726 504 825 579 vivo,

138 591 307 669 contingere
326 585 449 668 potuiffe
466 584 636 645 arbitretur?
654 584 755 665 Quid?
772 606 825 660 ea,

136 689 201 749 quae
219 671 346 739 tenetis,
365 669 477 746 privata
495 683 580 746 atque
594 663 706 740 vestra,
727 666 826 726 domi·

136 744 226 808 nante
245 749 368 806 homine
387 744 512 819 furioso,
531 745 663 826 quodjus
676 764 826 829 perpetuae

135 826 326 910 possessionis
347 827 452 888 habere
473 823 650 907 potuissent?

178 905 316 968 XXIX.
335 903 404 967 Nou
422 909 530 981 timeo,
551 905 686 979 Iudices,
700 923 737 966 ne
752 906 824 970 odio

135 989 351 1047 inimicitiarum
364 1008 492 1048 mearum
503 988 697 1047 inflammatus
707 1032 718 1058 ,
730 988 827 1047 liben-

137 1070 195 1127 tiirs
215 1068 275 1127 haec
293 1069 322 1127 in
341 1068 419 1128 ilium
440 1089 581 1129 evomere
599 1069 718 1141 videar,
736 1067 826 1147 quaint

137 1151 252 1208 veriirs:
266 1150 373 1209 etenim
389 1150 443 1210 etsi
458 1152 634 1230 precipuum
654 1147 711 1209 effe
730 1148 827 1208 debe·

137 1229 211 1302 bat,
230 1245 326 1290 tamen
345 1233 390 1290 ita
415 1231 577 1289 communis
606 1247 667 1288 erat
693 1230 827 1288 omnium

139 1308 188 1368 ille
200 1307 304 1383 hostis,
315 1326 346 1368 ut
357 1311 384 1369 in
396 1310 547 1369 communi
558 1309 628 1370 odio
664 1329 719 1369 ene
729 1328 828 1389 aequa·

139 1388 205 1448 liter
218 1388 374 1449 versaretur
389 1390 490 1449 odium
507 1409 616 1449 meum.
640 1331 710 1449 Xon
728 1387 826 1470 potest

138 1468 195 1528 dici
210 1465 296 1541 satis,
319 1490 357 1530 ne
378 1471 499 1551 cogitari
519 1468 658 1549 quidem,
684 1486 826 1548 quantum

135 1549 165 1608 in
182 1549 234 1609 illo
251 1547 391 1620 sceleris;
412 1564 553 1628 quantum
570 1550 649 1608 exitii
666 1546 763 1606 fuerit.

175 1647 229 1706 79.
243 1629 328 1705 Quin
340 1630 381 1684 sic
395 1626 558 1696 attendite,
575 1626 690 1683 Iudices
700 1645 707 1681 ε
718 1639 828 1706 netup'e

133 1708 200 1768 haec
218 1703 260 1766 est
278 1703 398 1786 quaestio
416 1704 454 1764 de
470 1705 584 1763 interitu
601 1701 632 1762 P.
646 1699 826 1780 Clodiiriin·

133 1790 198 1870 gite
214 1788 334 1846 animis:
347 1785 445 1845 iiberae
462 1786 539 1845 euim
553 1783 616 1844 sunt
630 1787 824 1866 cogitationes

133 1867 259 1939 nostrae;
282 1867 315 1926 &
332 1887 397 1948 quae
408 1865 534 1935 volunt,
554 1867 593 1924 sic
608 1867 772 1939 intuentur,
789 1881 824 1928 ut

134 1968 171 2008 ea
188 1950 351 2022 cernimus,
369 1966 434 2027 quae
449 1944 594 2006 videmus.
607 1944 722 2026 Fingite
739 1948 826 2026 igitur

135 2029 313 2109 cogitatione
349 2029 506 2109 imaginem
534 2023 616 2103 hujus
646 2025 823 2087 conditionis

135 2129 229 2180 mear,
248 2111 272 2168 si
288 2109 398 2188 possim
412 2105 550 2178 efficere,
567 2122 598 2165 ut
609 2104 754 2166 Milonem
768 2108 824 2174 ab-‚

135 2188 273 2262 solvaris,
297 2187 347 2248 sed
367 2189 427 2261 ita,
446 2189 470 2246 si
485 2183 518 2246 P.
533 2183 654 2246 Clodius
674 2190 821 2249 revixerit.

136 2268 222 2348 Quid
232 2267 314 2328 vultu
327 2264 511 2328 extimuistis?
527 2286 654 2348 quonam
668 2267 760 2328 modo
771 2269 822 2329 ille
854 2303 856 2308 .

136 2371 193 2411 vos
206 2350 289 2407 vivus
305 2345 451 2418 afficeret,
485 2347 514 2406 ui
530 2364 662 2407 mortuus
677 2349 754 2406 inani
766 2370 822 2408 co·

157 2431 276 2489 'tatione
287 2427 447 2509 percussit?
465 2368 571 2509 Quid?
592 2430 615 2486 si
634 2428 642 2484 i
664 2424 821 2492 seCneius

133 2450 293 2588 Pompeius
307 2552 317 2582 ,
332 2511 381 2590 qui
399 2508 436 2568 ei
455 2510 566 2569 virtute
579 2529 612 2568 ac
632 2448 821 2587 {istruna-est,

135 2606 170 2649 ut
189 2609 224 2648 ea
242 2593 368 2669 potuerit
384 2586 516 2669 semper,
533 2609 597 2669 quae
615 2607 703 2647 nemo
717 2603 822 2667 ptaetet

134 2670 239 2742 ilium3
256 2671 280 2728 si
293 2668 332 2742 is,
344 2669 479 2748 inquam,
516 2665 630 2728 otuiffet
647 2710 656 2739 ‚
681 2683 728 2725 aut
741 2687 823 2746 quae·

134 2750 259 2812 stionem
280 2748 317 2808 de
332 2767 427 2809 morte
440 2747 472 2808 P.
510 2747 581 2820 lodii
597 2743 695 2817 ferre,
714 2763 761 2804 aur
772 2748 821 2827 ipa

132 2831 193 2892 sum
212 2829 249 2890 ab
260 2827 359 2889 inferis
372 2831 516 2900 excitare;
532 2843 628 2909 utrum
646 2828 751 2905 putatis
764 2849 820 2908 po-

134 2914 190 2976 tiirs
210 2909 351 2970 faeiururu
363 2906 463 2971 fuisse?
476 2907 588 2973 etiamsi
602 2922 723 2988 propter
747 2912 820 2973 ami·

178 2995 278 3054 Turnus
299 2989 376 3055 VH.
668 2984 700 3048 D
