2125 3784
254 369 335 470 ³380
372 368 430 439 tu
455 362 822 435 MAnronwit

255 483 289 545 Pr
305 499 404 545 autem
417 480 553 541 Vatinius
565 478 693 560 ,quiea
710 494 803 543 antea
819 476 880 558 jure'
891 477 936 541 lat·

256 564 340 623 datus
361 584 379 623 a
401 561 512 635 nobis,
537 560 570 621 δι
593 559 653 619 hoc
677 574 826 641 tempore
851 560 937 621 meru

254 641 415 703 laudandus
439 639 508 714 eii,
529 640 644 721 aperuit
667 637 837 721 Dyrrachii
856 656 938 721 poem

254 720 376 793 Bruto,
396 722 429 782 &
444 722 604 781 exercitum
622 720 759 781 tradidit.
781 718 882 781 Tenet
900 720 940 801 igi»

250 817 310 943 {¹¹22
324 800 626 956 issimi
640 798 940 941 “dfflf‘iisss

257 960 323 1021 sunt
340 960 472 1042 legiones
482 925 600 1033 :nostra
613 961 691 1021 levis
704 977 877 1033 armatura,
889 978 942 1021 not·

258 1056 305 1101 tet
321 1044 461 1179 equitatus
478 1082 488 1113 ,
506 1040 692 1121 maximeque
708 1038 814 1100 noster
829 1038 869 1101 ess
881 1038 942 1101 Bru·

258 1117 848 1281 {Siter‘ii‘fflissrtiz'ffisi
858 1118 948 1272 5¹3

259 1278 322 1341 sato
343 1280 472 1361 quodam
495 1280 609 1363 paterni
627 1280 818 1361 maternique
833 1279 940 1362 generi!

252 1357 295 1421 -ἂ
310 1363 445 1421 οοῐηὶηἱει
548 1430 550 1435 Ι
681 1382 683 1387 ·
932 1402 937 1411 -

304 1438 334 1499 V
342 1439 354 1500 l
362 1438 385 1500 Ι.
402 1439 452 1501 Ab
472 1441 530 1500 hoc
544 1440 628 1521 igitur
643 1435 710 1499 vito
723 1436 879 1521 qnisquam
890 1436 942 1499 bei

255 1520 321 1581 lum
336 1523 440 1595 timet,
461 1524 530 1601 qui,
551 1535 707 1600 antequam
728 1539 788 1579 nos
808 1518 840 1579 id
861 1516 942 1580 coedi

256 1598 451 1681 suscepimus,
464 1603 494 1659 in
506 1620 579 1722 qace
588 1595 704 1676 jacere,
723 1598 816 1681 quaint
830 1601 861 1659 in
873 1594 942 1661 beili

258 1682 383 1760 vigere,
402 1681 521 1741 maluit.
555 1700 731 1761 quamquam
753 1679 805 1741 ille
833 1678 943 1761 quiden

258 1778 417 1840 numquam
433 1758 539 1837 jacuit,
559 1780 614 1820 nec
626 1760 684 1820 hoc
701 1759 811 1821 cadere
822 1760 940 1821 verbum

258 1840 412 1900 intentam
427 1843 538 1900 virtutis
552 1837 744 1921 prestantiam
759 1837 858 1920 potest
866 1860 877 1914 3
890 1856 943 1903 ent

257 1919 340 1979 enim
360 1922 390 1980 in
419 1919 563 1981 desiderio
589 1921 734 1991 civitatis,
764 1922 796 1980 in
822 1938 897 1994 ore,
918 1918 943 1981 ia

92 1998 99 2017 '
156 2028 159 2033 ·
259 1997 395 2062 sermone
413 2005 555 2062 omnium.
581 1999 711 2061 Tantum
728 2017 832 2063 autem
852 2002 943 2063 abent

261 2101 280 2138 a
301 2081 403 2151 helio,
427 2097 479 2154 ut,
527 2101 595 2140 uum
622 2081 782 2163 cupiditate
809 2082 942 2143 libertatit

259 2156 343 2219 Italia
357 2159 493 2233 arderet,
506 2103 634 2221 defuerit
652 2162 762 2221 civium
776 2159 876 2223 shrdiis
892 2182 942 2244 po·

258 2239 338 2312 tius,
371 2240 458 2320 quim
482 2261 535 2302 eos
561 2245 591 2302 in
620 2262 769 2301 armorum
797 2242 943 2305 discrimen

260 2317 432 2381 adduceret.
458 2318 502 2380 lta
524 2341 560 2381 ue
580 2321 620 2380 illi
640 2322 716 2402 ipsi,
743 2323 768 2381 si
793 2326 845 2403 qui
867 2322 942 2396 sunt,

261 2402 311 2480 qui
325 2400 487 2461 tarditatem
501 2344 582 2460 droti
592 2401 832 2481 reprehendant,
851 2419 943 2465 tamen

258 2479 348 2539 iidem
370 2481 622 2554 moderationem,
646 2483 877 2565 patientiamque
892 2485 943 2545 mi·

265 2576 373 2619 tantur.
560 2626 562 2633 ,
935 2592 938 2601 ·

259 2680 263 2685 -
305 2657 352 2719 ¹5·
378 2637 437 2700 Sed
462 2638 523 2719 jam
540 2642 650 2714 video,
672 2640 743 2722 quid
764 2641 942 2723 loquantum

257 2738 356 2798 neque
375 2723 452 2780 enim
472 2722 503 2780 id
522 2722 635 2783 occulte
651 2720 781 2781 faciunt:
800 2720 944 2785 timerese

249 2800 378 2870 dicunt,
397 2803 549 2879 quomodo
564 2803 661 2864 serant
685 2803 840 2876 veterani,
860 2822 944 2864 exer·

259 2878 350 2938 titum
366 2877 486 2944 Brutum
504 2884 623 2963 nabere.
648 2880 744 2964 Quasi
762 2883 838 2949 verb
859 2881 947 2967 quid-⁴
