<?xml version="1.0" encoding="UTF-8"?>
<!DOCTYPE html PUBLIC "-//W3C//DTD XHTML 1.0 Transitional//EN"
    "http://www.w3.org/TR/xhtml1/DTD/xhtml1-transitional.dtd">
<html xmlns="http://www.w3.org/1999/xhtml" xml:lang="en" lang="en">
 <head>
  <title>
</title>
<meta http-equiv="Content-Type" content="text/html;charset=utf-8" />
  <meta name='ocr-system' content='tesseract 3.04.00' />
  <meta name='ocr-capabilities' content='ocr_page ocr_carea ocr_par ocr_line ocrx_word'/>
</head>
<body>
  <div class='ocr_page' id='page_1' title='image "./mtulliiciceroni04lallgoog_0102.png"; bbox 0 0 2125 3784; ppageno 0'>
   <div class='ocr_carea' id='block_1_1' title="bbox 257 374 716 472">
    <p class='ocr_par' dir='ltr' id='par_1_1' title="bbox 257 374 716 472">
     <span class='ocr_line' id='line_1_1' title="bbox 257 374 716 472; baseline 0.004 -30"><span class='ocrx_word' id='word_1_1' title='bbox 257 397 314 472; x_wconf 79' lang='lat'>94</span> <span class='ocrx_word' id='word_1_2' title='bbox 485 374 716 444; x_wconf 69' lang='lat' dir='ltr'>ORArto</span> 
     </span>
    </p>
   </div>
   <div class='ocr_carea' id='block_1_2' title="bbox 140 487 991 2988">
    <p class='ocr_par' dir='ltr' id='par_1_2' title="bbox 140 487 991 2988">
     <span class='ocr_line' id='line_1_2' title="bbox 263 487 952 572; baseline 0.006 -19"><span class='ocrx_word' id='word_1_3' title='bbox 263 495 316 554; x_wconf 86' lang='lat' dir='ltr'>des</span> <span class='ocrx_word' id='word_1_4' title='bbox 336 492 555 556; x_wconf 88' lang='lat' dir='ltr'>celebrabuntur</span> <span class='ocrx_word' id='word_1_5' title='bbox 573 491 629 551; x_wconf 86' lang='lat' dir='ltr'>illae</span> <span class='ocrx_word' id='word_1_6' title='bbox 648 493 769 572; x_wconf 85' lang='lat' dir='ltr'>quidem</span> <span class='ocrx_word' id='word_1_7' title='bbox 780 512 844 553; x_wconf 87' lang='lat' dir='ltr'>non</span> <span class='ocrx_word' id='word_1_8' title='bbox 863 487 952 557; x_wconf 84' lang='lat' dir='ltr'>lollrm&#39;</span> 
     </span>
     <span class='ocr_line' id='line_1_3' title="bbox 259 574 951 657; baseline 0.001 -22"><span class='ocrx_word' id='word_1_9' title='bbox 259 574 385 651; x_wconf 77' lang='lat' dir='ltr'>uostris,</span> <span class='ocrx_word' id='word_1_10' title='bbox 405 575 456 637; x_wconf 90' lang='lat' dir='ltr'>sed</span> <span class='ocrx_word' id='word_1_11' title='bbox 473 594 550 657; x_wconf 83' lang='lat' dir='ltr'>pene</span> <span class='ocrx_word' id='word_1_12' title='bbox 570 575 701 633; x_wconf 91' lang='lat' dir='ltr'>omnium</span> <span class='ocrx_word' id='word_1_13' title='bbox 722 577 859 657; x_wconf 86' lang='lat' dir='ltr'>gentium</span> <span class='ocrx_word' id='word_1_14' title='bbox 878 577 951 637; x_wconf 76' lang='lat' dir='ltr'>litte·</span> 
     </span>
     <span class='ocr_line' id='line_1_4' title="bbox 262 654 950 739; baseline 0.004 -25"><span class='ocrx_word' id='word_1_15' title='bbox 262 659 300 714; x_wconf 86' lang='lat' dir='ltr'>ris</span> <span class='ocrx_word' id='word_1_16' title='bbox 321 701 329 730; x_wconf 91' lang='lat'>‚</span> <span class='ocrx_word' id='word_1_17' title='bbox 350 675 435 739; x_wconf 87' lang='lat' dir='ltr'>atque</span> <span class='ocrx_word' id='word_1_18' title='bbox 454 657 557 738; x_wconf 84' lang='lat' dir='ltr'>linguis</span> <span class='ocrx_word' id='word_1_19' title='bbox 574 673 584 727; x_wconf 81' lang='lat'><em>3</em></span> <span class='ocrx_word' id='word_1_20' title='bbox 605 669 701 734; x_wconf 84' lang='lat' dir='ltr'>neque</span> <span class='ocrx_word' id='word_1_21' title='bbox 726 654 788 714; x_wconf 85' lang='lat' dir='ltr'>ulla</span> <span class='ocrx_word' id='word_1_22' title='bbox 812 675 950 736; x_wconf 84' lang='lat' dir='ltr'>umquam</span> 
     </span>
     <span class='ocr_line' id='line_1_5' title="bbox 264 734 951 798; baseline 0.003 -4"><span class='ocrx_word' id='word_1_23' title='bbox 264 754 333 796; x_wconf 85' lang='lat' dir='ltr'>aetas</span> <span class='ocrx_word' id='word_1_24' title='bbox 354 737 463 798; x_wconf 82' lang='lat' dir='ltr'>deruis</span> <span class='ocrx_word' id='word_1_25' title='bbox 482 735 612 796; x_wconf 81' lang='lat' dir='ltr'>laudibus</span> <span class='ocrx_word' id='word_1_26' title='bbox 629 734 807 796; x_wconf 83' lang='lat' dir='ltr'>conticescet</span> <span class='ocrx_word' id='word_1_27' title='bbox 829 735 893 796; x_wconf 85' lang='lat' dir='ltr'>Sed</span> <span class='ocrx_word' id='word_1_28' title='bbox 910 758 951 797; x_wconf 81' lang='lat' dir='ltr'>ta·</span> 
     </span>
     <span class='ocr_line' id='line_1_6' title="bbox 262 813 950 911; baseline 0.003 -36"><span class='ocrx_word' id='word_1_29' title='bbox 262 837 333 876; x_wconf 89' lang='lat' dir='ltr'>men</span> <span class='ocrx_word' id='word_1_30' title='bbox 359 817 501 899; x_wconf 78' lang='lat' dir='ltr'>ejusmodi</span> <span class='ocrx_word' id='word_1_31' title='bbox 528 834 605 890; x_wconf 88' lang='lat' dir='ltr'>res,</span> <span class='ocrx_word' id='word_1_32' title='bbox 637 813 735 876; x_wconf 85' lang='lat' dir='ltr'>nescio</span> <span class='ocrx_word' id='word_1_33' title='bbox 764 817 950 911; x_wconf 75' lang='lat' dir='ltr'>quomodo,</span> 
     </span>
     <span class='ocr_line' id='line_1_7' title="bbox 262 893 991 1053; baseline 0.023 -17"><span class='ocrx_word' id='word_1_34' title='bbox 262 893 950 1051; x_wconf 55' lang='lat' dir='ltr'>{llll„llllnlll‘j&#39;ssdlalllalflltt</span> <span class='ocrx_word' id='word_1_35' title='bbox 990 970 991 1053; x_wconf 78' lang='lat' dir='ltr'>l</span> 
     </span>
     <span class='ocr_line' id='line_1_8' title="bbox 263 1055 991 1141; baseline 0.004 -25"><span class='ocrx_word' id='word_1_36' title='bbox 263 1058 299 1116; x_wconf 78' lang='lat' dir='ltr'>rb</span> <span class='ocrx_word' id='word_1_37' title='bbox 324 1080 412 1139; x_wconf 90' lang='lat' dir='ltr'>quum</span> <span class='ocrx_word' id='word_1_38' title='bbox 435 1059 543 1141; x_wconf 84' lang='lat' dir='ltr'>aliquid</span> <span class='ocrx_word' id='word_1_39' title='bbox 565 1055 753 1130; x_wconf 89' lang='lat' dir='ltr'>clementer,</span> <span class='ocrx_word' id='word_1_40' title='bbox 779 1056 949 1132; x_wconf 69' lang='lat' dir='ltr'>mansuetd,</span> <span class='ocrx_word' id='word_1_41' title='bbox 990 1058 991 1127; x_wconf 82' lang='lat' dir='ltr'>l</span> 
     </span>
     <span class='ocr_line' id='line_1_9' title="bbox 264 1132 950 1219; baseline 0.004 -22"><span class='ocrx_word' id='word_1_42' title='bbox 264 1135 356 1217; x_wconf 72' lang='lat' dir='ltr'>juste,</span> <span class='ocrx_word' id='word_1_43' title='bbox 372 1139 544 1212; x_wconf 72' lang='lat' dir='ltr'>moderate,</span> <span class='ocrx_word' id='word_1_44' title='bbox 559 1137 702 1219; x_wconf 81' lang='lat' dir='ltr'>sapienter</span> <span class='ocrx_word' id='word_1_45' title='bbox 716 1132 828 1197; x_wconf 74' lang='lat' dir='ltr'>noum</span> <span class='ocrx_word' id='word_1_46' title='bbox 842 1182 852 1212; x_wconf 90' lang='lat'><strong>‚</strong></span> <span class='ocrx_word' id='word_1_47' title='bbox 864 1140 894 1199; x_wconf 83' lang='lat' dir='ltr'>ln</span> <span class='ocrx_word' id='word_1_48' title='bbox 903 1142 950 1200; x_wconf 84' lang='lat' dir='ltr'>ira·</span> 
     </span>
     <span class='ocr_line' id='line_1_10' title="bbox 264 1215 950 1300; baseline 0.006 -24"><span class='ocrx_word' id='word_1_49' title='bbox 264 1219 368 1279; x_wconf 86' lang='lat' dir='ltr'>cundia</span> <span class='ocrx_word' id='word_1_50' title='bbox 385 1218 563 1300; x_wconf 72' lang='lat' dir='ltr'>prasertim,</span> <span class='ocrx_word' id='word_1_51' title='bbox 583 1238 646 1300; x_wconf 83' lang='lat' dir='ltr'>quae</span> <span class='ocrx_word' id='word_1_52' title='bbox 664 1215 705 1278; x_wconf 82' lang='lat' dir='ltr'>est</span> <span class='ocrx_word' id='word_1_53' title='bbox 721 1219 842 1277; x_wconf 84' lang='lat' dir='ltr'>inimica</span> <span class='ocrx_word' id='word_1_54' title='bbox 852 1221 950 1280; x_wconf 81' lang='lat' dir='ltr'>consi·</span> 
     </span>
     <span class='ocr_line' id='line_1_11' title="bbox 265 1297 949 1380; baseline 0.007 -24"><span class='ocrx_word' id='word_1_55' title='bbox 265 1298 327 1369; x_wconf 91' lang='lat' dir='ltr'>lio,</span> <span class='ocrx_word' id='word_1_56' title='bbox 343 1301 375 1358; x_wconf 88' lang='lat'>&amp;</span> <span class='ocrx_word' id='word_1_57' title='bbox 389 1299 570 1373; x_wconf 64' lang='lat' dir='ltr'>invidiosis,</span> <span class='ocrx_word' id='word_1_58' title='bbox 587 1320 653 1380; x_wconf 83' lang='lat' dir='ltr'>quae</span> <span class='ocrx_word' id='word_1_59' title='bbox 663 1298 766 1358; x_wconf 61' lang='lat' dir='ltr'>natura</span> <span class='ocrx_word' id='word_1_60' title='bbox 779 1297 907 1360; x_wconf 86' lang='lat' dir='ltr'>insolens</span> <span class='ocrx_word' id='word_1_61' title='bbox 920 1300 949 1360; x_wconf 74' lang='grc' dir='ltr'>δι</span> 
     </span>
     <span class='ocr_line' id='line_1_12' title="bbox 264 1377 949 1463; baseline 0.003 -25"><span class='ocrx_word' id='word_1_62' title='bbox 264 1377 386 1459; x_wconf 78' lang='lat' dir='ltr'>superba</span> <span class='ocrx_word' id='word_1_63' title='bbox 405 1378 446 1440; x_wconf 90' lang='lat' dir='ltr'>est</span> <span class='ocrx_word' id='word_1_64' title='bbox 462 1425 471 1454; x_wconf 91' lang='lat'>‚</span> <span class='ocrx_word' id='word_1_65' title='bbox 490 1398 538 1440; x_wconf 87' lang='lat' dir='ltr'>aut</span> <span class='ocrx_word' id='word_1_66' title='bbox 554 1380 712 1451; x_wconf 85' lang='lat' dir='ltr'>audimus,</span> <span class='ocrx_word' id='word_1_67' title='bbox 730 1394 781 1439; x_wconf 89' lang='lat' dir='ltr'>aut</span> <span class='ocrx_word' id='word_1_68' title='bbox 805 1378 929 1463; x_wconf 84' lang='lat' dir='ltr'>legimus</span> <span class='ocrx_word' id='word_1_69' title='bbox 939 1398 949 1454; x_wconf 87' lang='lat'>;</span> 
     </span>
     <span class='ocr_line' id='line_1_13' title="bbox 263 1458 951 1545; baseline 0.007 -27"><span class='ocrx_word' id='word_1_70' title='bbox 263 1479 325 1540; x_wconf 89' lang='lat' dir='ltr'>quo</span> <span class='ocrx_word' id='word_1_71' title='bbox 340 1458 432 1520; x_wconf 87' lang='lat' dir='ltr'>studio</span> <span class='ocrx_word' id='word_1_72' title='bbox 446 1460 645 1533; x_wconf 85' lang='lat' dir='ltr'>incendimur,</span> <span class='ocrx_word' id='word_1_73' title='bbox 660 1478 722 1520; x_wconf 89' lang='lat' dir='ltr'>non</span> <span class='ocrx_word' id='word_1_74' title='bbox 735 1459 833 1520; x_wconf 73' lang='lat' dir='ltr'>modo</span> <span class='ocrx_word' id='word_1_75' title='bbox 848 1463 879 1522; x_wconf 87' lang='lat' dir='ltr'>in</span> <span class='ocrx_word' id='word_1_76' title='bbox 890 1481 951 1545; x_wconf 85' lang='lat' dir='ltr'>ges·</span> 
     </span>
     <span class='ocr_line' id='line_1_14' title="bbox 265 1538 950 1617; baseline 0.004 -17"><span class='ocrx_word' id='word_1_77' title='bbox 265 1543 302 1600; x_wconf 83' lang='lat' dir='ltr'>tis</span> <span class='ocrx_word' id='word_1_78' title='bbox 320 1541 425 1616; x_wconf 90' lang='lat' dir='ltr'>rebus,</span> <span class='ocrx_word' id='word_1_79' title='bbox 438 1538 489 1601; x_wconf 82' lang='lat' dir='ltr'>sed</span> <span class='ocrx_word' id='word_1_80' title='bbox 501 1543 589 1601; x_wconf 87' lang='lat' dir='ltr'>etiam</span> <span class='ocrx_word' id='word_1_81' title='bbox 607 1541 637 1599; x_wconf 89' lang='lat' dir='ltr'>in</span> <span class='ocrx_word' id='word_1_82' title='bbox 650 1539 721 1601; x_wconf 73' lang='lat' dir='ltr'>ficlis</span> <span class='ocrx_word' id='word_1_83' title='bbox 730 1584 740 1613; x_wconf 90' lang='lat'>,</span> <span class='ocrx_word' id='word_1_84' title='bbox 749 1556 783 1600; x_wconf 88' lang='lat' dir='ltr'>ut</span> <span class='ocrx_word' id='word_1_85' title='bbox 793 1560 850 1601; x_wconf 90' lang='lat' dir='ltr'>eos</span> <span class='ocrx_word' id='word_1_86' title='bbox 861 1541 896 1603; x_wconf 81' lang='lat' dir='ltr'>sae</span> <span class='ocrx_word' id='word_1_87' title='bbox 940 1585 950 1617; x_wconf 90' lang='lat'><strong>,</strong></span> 
     </span>
     <span class='ocr_line' id='line_1_15' title="bbox 264 1562 951 1703; baseline 0.007 -24"><span class='ocrx_word' id='word_1_88' title='bbox 264 1640 338 1700; x_wconf 88' lang='lat' dir='ltr'>quos</span> <span class='ocrx_word' id='word_1_89' title='bbox 356 1640 514 1702; x_wconf 83' lang='lat' dir='ltr'>numquam</span> <span class='ocrx_word' id='word_1_90' title='bbox 530 1621 681 1696; x_wconf 81' lang='lat' dir='ltr'>vidimus,</span> <span class='ocrx_word' id='word_1_91' title='bbox 701 1620 857 1703; x_wconf 79' lang='lat' dir='ltr'>diligamus</span> <span class='ocrx_word' id='word_1_92' title='bbox 875 1562 951 1683; x_wconf 39' lang='lat'>321²}</span> 
     </span>
     <span class='ocr_line' id='line_1_16' title="bbox 264 1698 951 1783; baseline 0.004 -23"><span class='ocrx_word' id='word_1_93' title='bbox 264 1701 358 1773; x_wconf 73' lang='lat' dir='ltr'>verb,</span> <span class='ocrx_word' id='word_1_94' title='bbox 380 1721 467 1782; x_wconf 91' lang='lat' dir='ltr'>quem</span> <span class='ocrx_word' id='word_1_95' title='bbox 508 1700 656 1761; x_wconf 85' lang='lat' dir='ltr'>raesentem</span> <span class='ocrx_word' id='word_1_96' title='bbox 678 1703 853 1777; x_wconf 88' lang='lat' dir='ltr'>intuemur,</span> <span class='ocrx_word' id='word_1_97' title='bbox 874 1698 951 1783; x_wconf 80' lang='lat' dir='ltr'>cujus</span> 
     </span>
     <span class='ocr_line' id='line_1_17' title="bbox 266 1723 950 1861; baseline 0.007 -23"><span class='ocrx_word' id='word_1_98' title='bbox 266 1775 396 1840; x_wconf 79' lang='lat' dir='ltr'>mentem</span> <span class='ocrx_word' id='word_1_99' title='bbox 408 1826 418 1854; x_wconf 89' lang='lat'>‚</span> <span class='ocrx_word' id='word_1_100' title='bbox 430 1723 598 1861; x_wconf 66' lang='lat' dir='ltr'>seriisque,</span> <span class='ocrx_word' id='word_1_101' title='bbox 616 1783 650 1841; x_wconf 91' lang='lat'>&amp;</span> <span class='ocrx_word' id='word_1_102' title='bbox 662 1803 696 1842; x_wconf 89' lang='lat' dir='ltr'>os</span> <span class='ocrx_word' id='word_1_103' title='bbox 712 1784 882 1857; x_wconf 86' lang='lat' dir='ltr'>cernimus,</span> <span class='ocrx_word' id='word_1_104' title='bbox 901 1799 950 1858; x_wconf 85' lang='lat' dir='ltr'>ut,</span> 
     </span>
     <span class='ocr_line' id='line_1_18' title="bbox 287 1860 952 1943; baseline 0.009 -25"><span class='ocrx_word' id='word_1_105' title='bbox 287 1861 406 1942; x_wconf 90' lang='lat' dir='ltr'>uidquid</span> <span class='ocrx_word' id='word_1_106' title='bbox 424 1860 495 1922; x_wconf 88' lang='lat' dir='ltr'>belli</span> <span class='ocrx_word' id='word_1_107' title='bbox 506 1860 623 1922; x_wconf 85' lang='lat' dir='ltr'>fortuna</span> <span class='ocrx_word' id='word_1_108' title='bbox 633 1863 684 1923; x_wconf 86' lang='lat' dir='ltr'>reli</span> <span class='ocrx_word' id='word_1_109' title='bbox 725 1862 952 1943; x_wconf 71' lang='lat' dir='ltr'>umreipublieoe</span> 
     </span>
     <span class='ocr_line' id='line_1_19' title="bbox 264 1880 952 2023; baseline 0.007 -23"><span class='ocrx_word' id='word_1_110' title='bbox 264 1880 389 2015; x_wconf 65' lang='lat' dir='ltr'>decerit,</span> <span class='ocrx_word' id='word_1_111' title='bbox 406 1943 437 2001; x_wconf 85' lang='lat' dir='ltr'>id</span> <span class='ocrx_word' id='word_1_112' title='bbox 455 1940 511 2004; x_wconf 82' lang='lat' dir='ltr'>effe</span> <span class='ocrx_word' id='word_1_113' title='bbox 526 1941 637 2003; x_wconf 86' lang='lat' dir='ltr'>salvum</span> <span class='ocrx_word' id='word_1_114' title='bbox 653 1961 692 2003; x_wconf 86' lang='lat' dir='ltr'>ve</span> <span class='ocrx_word' id='word_1_115' title='bbox 704 1942 727 2001; x_wconf 89' lang='lat' dir='ltr'>is</span> <span class='ocrx_word' id='word_1_116' title='bbox 739 1985 748 2015; x_wconf 93' lang='lat'><strong><em>‚</em></strong></span> <span class='ocrx_word' id='word_1_117' title='bbox 760 1941 872 2023; x_wconf 74' lang='lat' dir='ltr'>‘quibm</span> <span class='ocrx_word' id='word_1_118' title='bbox 889 1942 952 2005; x_wconf 83' lang='lat' dir='ltr'>lau·</span> 
     </span>
     <span class='ocr_line' id='line_1_20' title="bbox 264 2018 952 2106; baseline 0.015 -30"><span class='ocrx_word' id='word_1_119' title='bbox 264 2019 350 2078; x_wconf 86' lang='lat' dir='ltr'>dibus</span> <span class='ocrx_word' id='word_1_120' title='bbox 369 2018 543 2081; x_wconf 83' lang='lat' dir='ltr'>efferemus?</span> <span class='ocrx_word' id='word_1_121' title='bbox 562 2025 663 2104; x_wconf 88' lang='lat' dir='ltr'>quibus</span> <span class='ocrx_word' id='word_1_122' title='bbox 677 2019 775 2093; x_wconf 81' lang='lat' dir='ltr'>studiis</span> <span class='ocrx_word' id='word_1_123' title='bbox 792 2020 952 2106; x_wconf 80' lang='lat' dir='ltr'>proseque-</span> 
     </span>
     <span class='ocr_line' id='line_1_21' title="bbox 266 2098 949 2184; baseline 0.012 -28"><span class='ocrx_word' id='word_1_124' title='bbox 266 2118 332 2157; x_wconf 87' lang='lat' dir='ltr'>mur</span> <span class='ocrx_word' id='word_1_125' title='bbox 353 2098 364 2158; x_wconf 84' lang='lat'>?</span> <span class='ocrx_word' id='word_1_126' title='bbox 383 2100 440 2181; x_wconf 71' lang='lat' dir='ltr'>qua</span> <span class='ocrx_word' id='word_1_127' title='bbox 462 2103 671 2163; x_wconf 59' lang='lat' dir='ltr'>benevolentiis</span> <span class='ocrx_word' id='word_1_128' title='bbox 695 2102 949 2184; x_wconf 70' lang='lat' dir='ltr'>compleflemur?</span> 
     </span>
     <span class='ocr_line' id='line_1_22' title="bbox 268 2175 951 2260; baseline 0.012 -23"><span class='ocrx_word' id='word_1_129' title='bbox 268 2175 423 2255; x_wconf 86' lang='lat' dir='ltr'>Parietes,</span> <span class='ocrx_word' id='word_1_130' title='bbox 444 2183 687 2259; x_wconf 87' lang='lat' dir='ltr'>mediusfidius,</span> <span class='ocrx_word' id='word_1_131' title='bbox 707 2181 748 2244; x_wconf 84' lang='lat' dir='ltr'>C.&#39;</span> <span class='ocrx_word' id='word_1_132' title='bbox 769 2180 895 2260; x_wconf 55' lang='lat' dir='ltr'>Cesar,</span> <span class='ocrx_word' id='word_1_133' title='bbox 919 2198 951 2245; x_wconf 81' lang='lat' dir='ltr'>ut</span> 
     </span>
     <span class='ocr_line' id='line_1_23' title="bbox 140 2259 952 2349; baseline 0.011 -32"><span class='ocrx_word' id='word_1_134' title='bbox 140 2260 143 2267; x_wconf 87' lang='grc'><strong><em>’</em></strong></span> <span class='ocrx_word' id='word_1_135' title='bbox 266 2259 337 2319; x_wconf 85' lang='lat' dir='ltr'>mihi</span> <span class='ocrx_word' id='word_1_136' title='bbox 351 2260 482 2338; x_wconf 86' lang='lat' dir='ltr'>videtur,</span> <span class='ocrx_word' id='word_1_137' title='bbox 496 2260 581 2339; x_wconf 79' lang='lat' dir='ltr'>hujus</span> <span class='ocrx_word' id='word_1_138' title='bbox 592 2267 677 2324; x_wconf 85' lang='lat' dir='ltr'>curiae</span> <span class='ocrx_word' id='word_1_139' title='bbox 686 2307 696 2338; x_wconf 92' lang='lat'>,</span> <span class='ocrx_word' id='word_1_140' title='bbox 706 2263 874 2347; x_wconf 79' lang='lat' dir='ltr'>tibi-gratias</span> <span class='ocrx_word' id='word_1_141' title='bbox 885 2284 952 2349; x_wconf 83' lang='lat' dir='ltr'>age·</span> 
     </span>
     <span class='ocr_line' id='line_1_24' title="bbox 266 2339 951 2426; baseline 0.013 -28"><span class='ocrx_word' id='word_1_142' title='bbox 266 2359 298 2399; x_wconf 90' lang='lat' dir='ltr'>re</span> <span class='ocrx_word' id='word_1_143' title='bbox 317 2339 455 2421; x_wconf 82' lang='lat' dir='ltr'>gestiunt,</span> <span class='ocrx_word' id='word_1_144' title='bbox 469 2345 550 2425; x_wconf 73' lang='lat' dir='ltr'>quod</span> <span class='ocrx_word' id='word_1_145' title='bbox 561 2345 643 2405; x_wconf 84' lang='lat' dir='ltr'>brevi</span> <span class='ocrx_word' id='word_1_146' title='bbox 653 2361 789 2426; x_wconf 83' lang='lat' dir='ltr'>tempore</span> <span class='ocrx_word' id='word_1_147' title='bbox 802 2342 899 2407; x_wconf 80' lang='lat' dir='ltr'>futura</span> <span class='ocrx_word' id='word_1_148' title='bbox 916 2347 951 2407; x_wconf 77' lang='lat' dir='ltr'>sit</span> 
     </span>
     <span class='ocr_line' id='line_1_25' title="bbox 264 2419 950 2504; baseline 0.016 -25"><span class='ocrx_word' id='word_1_149' title='bbox 264 2419 313 2480; x_wconf 81' lang='lat' dir='ltr'>illa</span> <span class='ocrx_word' id='word_1_150' title='bbox 334 2422 483 2484; x_wconf 69' lang='lat' dir='ltr'>autloritas</span> <span class='ocrx_word' id='word_1_151' title='bbox 494 2427 529 2482; x_wconf 85' lang='lat' dir='ltr'>&#39;in</span> <span class='ocrx_word' id='word_1_152' title='bbox 540 2425 583 2483; x_wconf 88' lang='lat' dir='ltr'>his</span> <span class='ocrx_word' id='word_1_153' title='bbox 598 2422 743 2504; x_wconf 82' lang='lat' dir='ltr'>majorum</span> <span class='ocrx_word' id='word_1_154' title='bbox 759 2422 900 2504; x_wconf 78' lang='lat' dir='ltr'>luorum,</span> <span class='ocrx_word' id='word_1_155' title='bbox 918 2426 950 2490; x_wconf 72' lang='lat' dir='ltr'>u</span> 
     </span>
     <span class='ocr_line' id='line_1_26' title="bbox 266 2499 601 2579; baseline -0.015 -12"><span class='ocrx_word' id='word_1_156' title='bbox 266 2499 321 2567; x_wconf 83' lang='lat' dir='ltr'>suis</span> <span class='ocrx_word' id='word_1_157' title='bbox 340 2501 463 2563; x_wconf 87' lang='lat' dir='ltr'>sedibus.</span> <span class='ocrx_word' id='word_1_158' title='bbox 598 2574 601 2579; x_wconf 28' lang='grc' dir='ltr'>Ι</span> 
     </span>
     <span class='ocr_line' id='line_1_27' title="bbox 308 2581 950 2666; baseline 0.009 -24"><span class='ocrx_word' id='word_1_159' title='bbox 308 2581 369 2644; x_wconf 89' lang='lat' dir='ltr'>IV.</span> <span class='ocrx_word' id='word_1_160' title='bbox 399 2581 549 2664; x_wconf 83' lang='lat' dir='ltr'>Equidem·</span> <span class='ocrx_word' id='word_1_161' title='bbox 565 2602 653 2666; x_wconf 89' lang='lat' dir='ltr'>quum</span> <span class='ocrx_word' id='word_1_162' title='bbox 672 2582 710 2646; x_wconf 86' lang='lat' dir='ltr'>C.</span> <span class='ocrx_word' id='word_1_163' title='bbox 728 2584 863 2647; x_wconf 81' lang='lat' dir='ltr'>Marcelli</span> <span class='ocrx_word' id='word_1_164' title='bbox 870 2630 882 2659; x_wconf 90' lang='lat'><em>,</em></span> <span class='ocrx_word' id='word_1_165' title='bbox 897 2582 950 2648; x_wconf 73' lang='lat' dir='ltr'>viri</span> 
     </span>
     <span class='ocr_line' id='line_1_28' title="bbox 266 2664 952 2748; baseline 0.006 -25"><span class='ocrx_word' id='word_1_166' title='bbox 266 2664 391 2743; x_wconf 86' lang='lat' dir='ltr'>optimi,</span> <span class='ocrx_word' id='word_1_167' title='bbox 405 2665 701 2726; x_wconf 86' lang='lat' dir='ltr'>&amp;commemorabili</span> <span class='ocrx_word' id='word_1_168' title='bbox 721 2668 828 2745; x_wconf 83' lang='lat' dir='ltr'>pietate</span> <span class='ocrx_word' id='word_1_169' title='bbox 844 2666 952 2748; x_wconf 82' lang='lat' dir='ltr'>praedi·</span> 
     </span>
     <span class='ocr_line' id='line_1_29' title="bbox 266 2743 949 2825; baseline 0.013 -26"><span class='ocrx_word' id='word_1_170' title='bbox 266 2745 288 2799; x_wconf 86' lang='lat' dir='ltr'>ti</span> <span class='ocrx_word' id='word_1_171' title='bbox 307 2786 317 2814; x_wconf 85' lang='lat'>,</span> <span class='ocrx_word' id='word_1_172' title='bbox 335 2743 478 2825; x_wconf 80' lang='lat' dir='ltr'>lacrymas</span> <span class='ocrx_word' id='word_1_173' title='bbox 497 2746 589 2804; x_wconf 76' lang='lat' dir='ltr'>modo</span> <span class='ocrx_word' id='word_1_174' title='bbox 610 2744 760 2805; x_wconf 88' lang='lat' dir='ltr'>vobiscum</span> <span class='ocrx_word' id='word_1_175' title='bbox 782 2747 949 2822; x_wconf 82' lang='lat' dir='ltr'>viderem,</span> 
     </span>
     <span class='ocr_line' id='line_1_30' title="bbox 266 2824 951 2907; baseline 0.016 -29"><span class='ocrx_word' id='word_1_176' title='bbox 266 2825 397 2883; x_wconf 85' lang='lat' dir='ltr'>omnium</span> <span class='ocrx_word' id='word_1_177' title='bbox 414 2824 622 2885; x_wconf 88' lang='lat' dir='ltr'>Marcellorum</span> <span class='ocrx_word' id='word_1_178' title='bbox 641 2845 742 2886; x_wconf 89' lang='lat' dir='ltr'>meum</span> <span class='ocrx_word' id='word_1_179' title='bbox 764 2826 865 2907; x_wconf 65' lang='lat' dir='ltr'>pedus</span> <span class='ocrx_word' id='word_1_180' title='bbox 884 2846 951 2888; x_wconf 82' lang='lat' dir='ltr'>me·</span> 
     </span>
     <span class='ocr_line' id='line_1_31' title="bbox 162 2901 949 2988; baseline 0.015 -28"><span class='ocrx_word' id='word_1_181' title='bbox 162 2936 167 2945; x_wconf 51' lang='grc' dir='ltr'>ι</span> <span class='ocrx_word' id='word_1_182' title='bbox 266 2901 360 2962; x_wconf 80' lang='lat' dir='ltr'>moria</span> <span class='ocrx_word' id='word_1_183' title='bbox 376 2902 511 2981; x_wconf 79' lang='lat' dir='ltr'>obfudit3</span> <span class='ocrx_word' id='word_1_184' title='bbox 530 2905 631 2988; x_wconf 82' lang='lat' dir='ltr'>quibus</span> <span class='ocrx_word' id='word_1_185' title='bbox 644 2921 676 2968; x_wconf 91' lang='lat' dir='ltr'>tu</span> <span class='ocrx_word' id='word_1_186' title='bbox 691 2908 779 2968; x_wconf 85' lang='lat' dir='ltr'>etiam</span> <span class='ocrx_word' id='word_1_187' title='bbox 800 2911 949 2985; x_wconf 83' lang='lat' dir='ltr'>mortuis,</span> 
     </span>
    </p>
   </div>
   <div class='ocr_carea' id='block_1_3' title="bbox 148 3266 340 3448">
    <p class='ocr_par' dir='ltr' id='par_1_3' title="bbox 148 3266 340 3448">
     <span class='ocr_line' id='line_1_32' title="bbox 148 3266 340 3448; baseline 0.01 -1"><span class='ocrx_word' id='word_1_188' title='bbox 148 3266 340 3448; x_wconf 62' lang='grc' dir='ltr'>Α</span> 
     </span>
    </p>
   </div>
   <div class='ocr_carea' id='block_1_4' title="bbox 0 0 1072 3784">
    <p class='ocr_par' dir='ltr' id='par_1_4' title="bbox 0 0 1072 3784">
     <span class='ocr_line' id='line_1_33' title="bbox 0 0 1072 3784; baseline 0 0"><span class='ocrx_word' id='word_1_189' title='bbox 0 0 1072 3784; x_wconf 95' lang='lat' dir='ltr'> </span> 
     </span>
    </p>
   </div>
  </div>
 </body>
</html>
