2125 3784
229 407 231 410 ,
326 313 642 404 Ῥιιιιιῃισλ
674 332 793 408 VIII.
830 343 909 430 '349
964 287 972 300 .

217 437 331 508 'borum
350 449 525 510 contumelia
539 469 557 509 a
573 464 603 508 se
617 446 759 511 dissentire
775 449 907 532 pillum,

223 530 288 588 sinu
317 531 403 588 animi
419 530 541 589 summo
570 528 673 588 dolore
700 551 761 590 non
786 531 910 612 pollums

221 604 317 667 Parva
335 606 375 669 ast
392 612 470 669 enim
484 609 555 666 mihi
571 625 688 680 tecum,
702 628 749 668 aut
768 632 857 691 parva
868 611 908 672 de

175 698 179 703 '
220 707 255 746 re
278 687 439 769 dissensio?
466 709 522 770 ego
547 689 611 747 huic
635 689 772 750 uidelicet
792 690 880 753 faveo
894 734 908 763 ,

173 780 177 785 ’
218 781 255 826 tu
272 767 334 827 illi?
355 771 446 829 immo
464 769 538 828 verb
551 787 608 849 ego
626 766 670 828 D.
688 768 779 830 Bruto
796 770 907 846 faveo,

219 848 254 906 tu
271 847 318 907 Μ.
336 848 488 909 Antonios
503 868 560 930 ego
578 847 742 909 conservari
759 851 905 912 coloniam

167 960 172 967 ·
218 929 327 1067 lopun
362 929 490 991 Romani
523 931 609 1010 cupio
637 973 650 1004 ,
683 946 716 989 tu
749 933 908 1014 expugnati

245 1008 328 1069 udes.
449 1030 452 1035 ·

218 1120 222 1125 ·
261 1088 324 1150 Vl.
346 1089 395 1149 An
412 1090 470 1150 hoc
488 1109 595 1171 negare
608 1092 715 1169 potes,
729 1091 778 1171 qui
799 1111 904 1152 omnes

218 1187 316 1229 moras
333 1169 515 1251 interponis,
534 1169 633 1249 quibus
649 1167 807 1230 infirmetur
828 1171 904 1232 Bru·

218 1265 265 1308 tus
275 1294 284 1322 ‚
296 1251 399 1310 melior
411 1249 462 1310 siat
471 1249 638 1308 Antonius?
651 1249 811 1332 Quousque
821 1253 901 1312 enim

217 1329 322 1405 dices,
341 1351 443 1410 pacem
459 1329 538 1389 velle
554 1327 606 1387 te?
624 1348 671 1388 res
686 1331 813 1408 geritur:
834 1352 903 1392 con·

174 1448 177 1453 -
215 1408 309 1469 duslae
322 1413 415 1470 vineae
433 1409 514 1470 sunt:
529 1424 671 1490 pugnatur
688 1411 840 1469 acerrimi:
851 1413 902 1490 qui

213 1491 461 1563 intercurrerent,
479 1491 609 1549 misimus
624 1505 683 1548 tres
699 1490 851 1569 principes
861 1493 904 1549 ci·

212 1571 331 1631 vitatis:
345 1571 400 1629 hos
414 1571 612 1648 contempsit,
625 1566 746 1648 reiecit,
766 1569 902 1649 repudia-

211 1652 259 1711 vit
273 1650 438 1709 Antonius:
450 1666 481 1708 tu
495 1666 592 1708 tamen
606 1668 760 1729 permanes
773 1646 902 1710 constan·

213 1732 343 1789 tissimus
360 1728 495 1790 defensor
513 1728 645 1789 Antonii.
716 1786 718 1791 .

210 1843 215 1851 -
261 1809 308 1869 18.
334 1807 371 1870 Et
385 1810 523 1891 quidem,
539 1811 598 1890 qula
613 1810 717 1870 melior
731 1807 844 1870 senator
856 1813 902 1872 vi-

215 1890 339 1961 deatur,
357 1906 445 1972 negat
462 1888 491 1951 se
508 1890 549 1950 illi
561 1892 686 1950 amicum
701 1888 758 1951 esle
774 1891 902 1952 deberr.

213 1991 304 2052 quum
321 1968 371 2031 suo
386 1991 494 2052 magno
514 1967 586 2032 esset
607 1967 769 2043 beneficio,
787 1970 899 2033 venisse

213 2071 282 2112 eum
300 2067 401 2111 contra
415 2049 455 2110 se.
471 2049 551 2112 Vide
563 2067 670 2133 quanta
682 2054 782 2111 caritas
793 2055 829 2111 sit
846 2074 898 2133 pa·

212 2135 294 2191 triae:
309 2151 399 2211 quum
414 2132 524 2191 homini
545 2134 580 2190 sit
594 2133 700 2204 iratus,
718 2149 817 2193 tamen
835 2137 897 2194 rei-

212 2212 335 2292 publicae
358 2211 444 2271 causi
472 2209 602 2273 de'sendit
623 2209 797 2274 Antonium.
827 2212 895 2296 Ego
919 2216 922 2222 ’

212 2308 265 2366 te,
273 2313 366 2432 ¹quum
379 2294 410 2351 in
422 2291 613 2352 Massilienses
629 2309 690 2350 tam
710 2312 742 2352 es
755 2293 895 2367 acerbus,

297 2393 315 2431 u

207 2371 257 2451 ·.Q
316 2370 354 2442 fi,
367 2393 427 2432 non
443 2373 541 2431 animo
558 2392 642 2452 aequo
657 2372 756 2431 audio.
774 2372 897 2452 Quous-

211 2471 271 2533 que
301 2453 379 2512 enim
411 2452 570 2511 Massiliam
603 2473 643 2532 op
665 2453 784 2531 ugnabis
808 2453 820 2512 ?
852 2473 921 2528 ne·

211 2533 374 2613 triumphus
394 2532 512 2612 quidem
529 2529 621 2590 finem
638 2473 705 2589 licit
728 2531 818 2591 belli?
843 2553 897 2611 pen

210 2633 299 2694 quem
315 2613 372 2671 lata
387 2610 427 2672 est
442 2612 509 2670 urbs
526 2631 579 2683 ea,
592 2612 654 2669 sine
668 2631 725 2690 qua
737 2626 895 2691 numquam

210 2713 250 2768 ex
277 2690 471 2773 Transalpinis
496 2689 627 2770 gentibus
653 2686 780 2766 majores
807 2688 896 2750 nostri

206 2774 437 2854 triumpharunt:
456 2790 515 2852 quo
530 2769 648 2850 quidem
664 2786 819 2849 tempore,
836 2791 894 2850 po·
924 2800 927 2807 ¹

207 2850 906 2936 pulusRoauanusingemiut:quamquameuim
