<?xml version="1.0" encoding="UTF-8"?>
<!DOCTYPE html PUBLIC "-//W3C//DTD XHTML 1.0 Transitional//EN"
    "http://www.w3.org/TR/xhtml1/DTD/xhtml1-transitional.dtd">
<html xmlns="http://www.w3.org/1999/xhtml" xml:lang="en" lang="en">
 <head>
  <title>
</title>
<meta http-equiv="Content-Type" content="text/html;charset=utf-8" />
  <meta name='ocr-system' content='tesseract 3.04.00' />
  <meta name='ocr-capabilities' content='ocr_page ocr_carea ocr_par ocr_line ocrx_word'/>
</head>
<body>
  <div class='ocr_page' id='page_1' title='image "./mtulliiciceroni04lallgoog_0087.png"; bbox 0 0 2125 3784; ppageno 0'>
   <div class='ocr_carea' id='block_1_1' title="bbox 356 361 873 477">
    <p class='ocr_par' dir='ltr' id='par_1_1' title="bbox 356 361 873 477">
     <span class='ocr_line' id='line_1_1' title="bbox 356 361 873 477; baseline -0.004 -22"><span class='ocrx_word' id='word_1_1' title='bbox 356 361 449 458; x_wconf 70' lang='lat' dir='ltr'>prro</span> <span class='ocrx_word' id='word_1_2' title='bbox 476 383 697 455; x_wconf 74' lang='lat' dir='ltr'>Mrzona.</span> <span class='ocrx_word' id='word_1_3' title='bbox 821 403 873 477; x_wconf 91' lang='lat'>79</span> 
     </span>
    </p>
   </div>
   <div class='ocr_carea' id='block_1_2' title="bbox 183 483 910 2993">
    <p class='ocr_par' dir='ltr' id='par_1_2' title="bbox 183 483 910 2993">
     <span class='ocr_line' id='line_1_2' title="bbox 185 483 873 578; baseline -0.003 -16"><span class='ocrx_word' id='word_1_4' title='bbox 185 483 319 576; x_wconf 70' lang='lat' dir='ltr'>sedibus,</span> <span class='ocrx_word' id='word_1_5' title='bbox 346 523 379 562; x_wconf 89' lang='lat' dir='ltr'>ac</span> <span class='ocrx_word' id='word_1_6' title='bbox 405 500 528 562; x_wconf 88' lang='lat' dir='ltr'>fortunis</span> <span class='ocrx_word' id='word_1_7' title='bbox 558 497 709 578; x_wconf 75' lang='lat' dir='ltr'>ejecerat:</span> <span class='ocrx_word' id='word_1_8' title='bbox 730 495 873 572; x_wconf 88' lang='lat' dir='ltr'>instabat,</span> 
     </span>
     <span class='ocr_line' id='line_1_3' title="bbox 185 578 873 666; baseline -0.001 -25"><span class='ocrx_word' id='word_1_9' title='bbox 185 585 324 666; x_wconf 84' lang='lat' dir='ltr'>urgebat:</span> <span class='ocrx_word' id='word_1_10' title='bbox 339 602 445 663; x_wconf 82' lang='lat' dir='ltr'>capere</span> <span class='ocrx_word' id='word_1_11' title='bbox 473 578 537 659; x_wconf 72' lang='lat' dir='ltr'>ejus</span> <span class='ocrx_word' id='word_1_12' title='bbox 565 582 720 640; x_wconf 77' lang='lat' dir='ltr'>amentiam</span> <span class='ocrx_word' id='word_1_13' title='bbox 747 582 873 656; x_wconf 85' lang='lat' dir='ltr'>civitas,</span> 
     </span>
     <span class='ocr_line' id='line_1_4' title="bbox 185 662 873 745; baseline -0.001 -23"><span class='ocrx_word' id='word_1_14' title='bbox 185 662 292 736; x_wconf 86' lang='lat' dir='ltr'>Italia,</span> <span class='ocrx_word' id='word_1_15' title='bbox 314 664 497 745; x_wconf 71' lang='lat' dir='ltr'>provincia,</span> <span class='ocrx_word' id='word_1_16' title='bbox 523 680 611 742; x_wconf 87' lang='lat' dir='ltr'>regna</span> <span class='ocrx_word' id='word_1_17' title='bbox 630 681 690 720; x_wconf 90' lang='lat' dir='ltr'>non</span> <span class='ocrx_word' id='word_1_18' title='bbox 713 677 873 741; x_wconf 83' lang='lat' dir='ltr'>poterant:</span> 
     </span>
     <span class='ocr_line' id='line_1_5' title="bbox 184 739 874 824; baseline -0.001 -21"><span class='ocrx_word' id='word_1_19' title='bbox 184 746 390 805; x_wconf 84' lang='lat' dir='ltr'><strong>incidebantur</strong></span> <span class='ocrx_word' id='word_1_20' title='bbox 415 739 473 821; x_wconf 75' lang='lat' dir='ltr'>jam</span> <span class='ocrx_word' id='word_1_21' title='bbox 499 741 580 801; x_wconf 91' lang='lat' dir='ltr'>domi</span> <span class='ocrx_word' id='word_1_22' title='bbox 604 742 704 824; x_wconf 86' lang='lat' dir='ltr'>leges,</span> <span class='ocrx_word' id='word_1_23' title='bbox 729 763 791 823; x_wconf 84' lang='lat' dir='ltr'>quae</span> <span class='ocrx_word' id='word_1_24' title='bbox 816 764 874 803; x_wconf 84' lang='lat' dir='ltr'>nos</span> 
     </span>
     <span class='ocr_line' id='line_1_6' title="bbox 183 821 875 904; baseline -0.001 -19"><span class='ocrx_word' id='word_1_25' title='bbox 183 825 291 885; x_wconf 88' lang='lat' dir='ltr'>nostris</span> <span class='ocrx_word' id='word_1_26' title='bbox 310 823 399 883; x_wconf 88' lang='lat' dir='ltr'>servis</span> <span class='ocrx_word' id='word_1_27' title='bbox 415 822 602 884; x_wconf 72' lang='lat' dir='ltr'>addicerent:</span> <span class='ocrx_word' id='word_1_28' title='bbox 617 823 688 881; x_wconf 88' lang='lat' dir='ltr'>nihil</span> <span class='ocrx_word' id='word_1_29' title='bbox 702 840 762 883; x_wconf 88' lang='lat' dir='ltr'>erat</span> <span class='ocrx_word' id='word_1_30' title='bbox 775 821 875 904; x_wconf 84' lang='lat' dir='ltr'>cujus·</span> 
     </span>
     <span class='ocr_line' id='line_1_7' title="bbox 184 901 871 986; baseline 0.003 -22"><span class='ocrx_word' id='word_1_31' title='bbox 184 926 297 986; x_wconf 86' lang='lat' dir='ltr'>quarn,</span> <span class='ocrx_word' id='word_1_32' title='bbox 312 902 390 985; x_wconf 91' lang='lat' dir='ltr'>quod</span> <span class='ocrx_word' id='word_1_33' title='bbox 407 903 523 985; x_wconf 82' lang='lat' dir='ltr'>quidem</span> <span class='ocrx_word' id='word_1_34' title='bbox 532 905 581 965; x_wconf 89' lang='lat' dir='ltr'>ille</span> <span class='ocrx_word' id='word_1_35' title='bbox 594 901 772 975; x_wconf 78' lang='lat' dir='ltr'>adamasset,</span> <span class='ocrx_word' id='word_1_36' title='bbox 790 905 871 985; x_wconf 92' lang='lat' dir='ltr'>quod</span> 
     </span>
     <span class='ocr_line' id='line_1_8' title="bbox 185 983 873 1066; baseline 0.001 -22"><span class='ocrx_word' id='word_1_37' title='bbox 185 1007 252 1044; x_wconf 90' lang='lat' dir='ltr'>non</span> <span class='ocrx_word' id='word_1_38' title='bbox 270 986 327 1043; x_wconf 91' lang='lat' dir='ltr'>hoc</span> <span class='ocrx_word' id='word_1_39' title='bbox 345 1005 419 1045; x_wconf 90' lang='lat' dir='ltr'>anno</span> <span class='ocrx_word' id='word_1_40' title='bbox 437 983 517 1044; x_wconf 90' lang='lat' dir='ltr'>suum</span> <span class='ocrx_word' id='word_1_41' title='bbox 535 985 600 1046; x_wconf 84' lang='lat' dir='ltr'>fore</span> <span class='ocrx_word' id='word_1_42' title='bbox 619 1001 745 1066; x_wconf 84' lang='lat' dir='ltr'>putaret.</span> <span class='ocrx_word' id='word_1_43' title='bbox 764 983 873 1046; x_wconf 82' lang='lat' dir='ltr'>Obsta-</span> 
     </span>
     <span class='ocr_line' id='line_1_9' title="bbox 187 1062 873 1146; baseline 0.006 -22"><span class='ocrx_word' id='word_1_44' title='bbox 187 1066 241 1124; x_wconf 87' lang='lat' dir='ltr'>bat</span> <span class='ocrx_word' id='word_1_45' title='bbox 258 1062 346 1144; x_wconf 85' lang='lat' dir='ltr'>ejusc</span> <span class='ocrx_word' id='word_1_46' title='bbox 386 1066 552 1126; x_wconf 81' lang='lat' dir='ltr'>itationibus</span> <span class='ocrx_word' id='word_1_47' title='bbox 571 1086 680 1139; x_wconf 89' lang='lat' dir='ltr'>nemo,</span> <span class='ocrx_word' id='word_1_48' title='bbox 695 1065 873 1146; x_wconf 84' lang='lat' dir='ltr'>praeterMi-</span> 
     </span>
     <span class='ocr_line' id='line_1_10' title="bbox 186 1086 871 1228; baseline 0.004 -24"><span class='ocrx_word' id='word_1_49' title='bbox 186 1145 288 1206; x_wconf 89' lang='lat' dir='ltr'>lonern</span> <span class='ocrx_word' id='word_1_50' title='bbox 301 1166 308 1205; x_wconf 90' lang='lat'><strong>:</strong></span> <span class='ocrx_word' id='word_1_51' title='bbox 326 1086 415 1226; x_wconf 50' lang='lat' dir='ltr'>iPOAEm</span> <span class='ocrx_word' id='word_1_52' title='bbox 427 1147 530 1219; x_wconf 88' lang='lat' dir='ltr'>illurn,</span> <span class='ocrx_word' id='word_1_53' title='bbox 544 1149 596 1228; x_wconf 77' lang='lat' dir='ltr'>qui</span> <span class='ocrx_word' id='word_1_54' title='bbox 608 1164 725 1227; x_wconf 88' lang='lat' dir='ltr'>poterat</span> <span class='ocrx_word' id='word_1_55' title='bbox 739 1145 871 1220; x_wconf 88' lang='lat' dir='ltr'>obstate,</span> 
     </span>
     <span class='ocr_line' id='line_1_11' title="bbox 189 1225 876 1306; baseline 0.003 -22"><span class='ocrx_word' id='word_1_56' title='bbox 189 1246 273 1286; x_wconf 85' lang='lat' dir='ltr'>novo</span> <span class='ocrx_word' id='word_1_57' title='bbox 300 1228 393 1287; x_wconf 82' lang='lat' dir='ltr'>reditu</span> <span class='ocrx_word' id='word_1_58' title='bbox 417 1228 446 1286; x_wconf 90' lang='lat' dir='ltr'>in</span> <span class='ocrx_word' id='word_1_59' title='bbox 489 1230 589 1286; x_wconf 89' lang='lat' dir='ltr'>ratiam</span> <span class='ocrx_word' id='word_1_60' title='bbox 610 1229 689 1306; x_wconf 86' lang='lat' dir='ltr'>quasi</span> <span class='ocrx_word' id='word_1_61' title='bbox 709 1225 876 1286; x_wconf 71' lang='lat' dir='ltr'>devinctum</span> 
     </span>
     <span class='ocr_line' id='line_1_12' title="bbox 185 1247 876 1386; baseline 0.006 -22"><span class='ocrx_word' id='word_1_62' title='bbox 185 1304 397 1366; x_wconf 88' lang='lat' dir='ltr'>arbitrabatur:</span> <span class='ocrx_word' id='word_1_63' title='bbox 413 1247 532 1367; x_wconf 67' lang='lat' dir='ltr'>Caesaris</span> <span class='ocrx_word' id='word_1_64' title='bbox 548 1309 708 1386; x_wconf 88' lang='lat' dir='ltr'>potentiam</span> <span class='ocrx_word' id='word_1_65' title='bbox 720 1305 798 1366; x_wconf 90' lang='lat' dir='ltr'>suatn</span> <span class='ocrx_word' id='word_1_66' title='bbox 817 1305 876 1368; x_wconf 81' lang='lat' dir='ltr'>effe</span> 
     </span>
     <span class='ocr_line' id='line_1_13' title="bbox 187 1386 910 1451; baseline 0.008 -6"><span class='ocrx_word' id='word_1_67' title='bbox 187 1386 328 1446; x_wconf 88' lang='lat' dir='ltr'>dicebat:</span> <span class='ocrx_word' id='word_1_68' title='bbox 349 1387 497 1447; x_wconf 87' lang='lat' dir='ltr'>bonorum</span> <span class='ocrx_word' id='word_1_69' title='bbox 518 1390 631 1446; x_wconf 90' lang='lat' dir='ltr'>animos</span> <span class='ocrx_word' id='word_1_70' title='bbox 651 1389 738 1446; x_wconf 89' lang='lat' dir='ltr'>etiam</span> <span class='ocrx_word' id='word_1_71' title='bbox 756 1390 785 1447; x_wconf 89' lang='lat' dir='ltr'>in</span> <span class='ocrx_word' id='word_1_72' title='bbox 804 1407 875 1451; x_wconf 83' lang='lat' dir='ltr'>meo</span> <span class='ocrx_word' id='word_1_73' title='bbox 906 1408 910 1413; x_wconf 83' lang='grc'><strong>’</strong></span> 
     </span>
     <span class='ocr_line' id='line_1_14' title="bbox 186 1467 833 1548; baseline 0 -22"><span class='ocrx_word' id='word_1_74' title='bbox 186 1467 249 1526; x_wconf 91' lang='lat' dir='ltr'>casu</span> <span class='ocrx_word' id='word_1_75' title='bbox 268 1484 385 1527; x_wconf 87' lang='lat' dir='ltr'>contem</span> <span class='ocrx_word' id='word_1_76' title='bbox 410 1468 499 1528; x_wconf 88' lang='lat' dir='ltr'>serat:</span> <span class='ocrx_word' id='word_1_77' title='bbox 516 1467 593 1527; x_wconf 88' lang='lat' dir='ltr'>Milo</span> <span class='ocrx_word' id='word_1_78' title='bbox 612 1485 685 1526; x_wconf 88' lang='lat' dir='ltr'>unus</span> <span class='ocrx_word' id='word_1_79' title='bbox 703 1468 833 1548; x_wconf 85' lang='lat' dir='ltr'>urgebat.</span> 
     </span>
     <span class='ocr_line' id='line_1_15' title="bbox 229 1489 878 1619; baseline -0.003 -13"><span class='ocrx_word' id='word_1_80' title='bbox 229 1489 408 1607; x_wconf 69' lang='lat' dir='ltr'>xxxlls</span> <span class='ocrx_word' id='word_1_81' title='bbox 418 1547 498 1619; x_wconf 86' lang='lat' dir='ltr'>Hic,</span> <span class='ocrx_word' id='word_1_82' title='bbox 515 1547 555 1604; x_wconf 89' lang='lat' dir='ltr'>dii</span> <span class='ocrx_word' id='word_1_83' title='bbox 572 1547 769 1606; x_wconf 83' lang='lat' dir='ltr'>immortales!</span> <span class='ocrx_word' id='word_1_84' title='bbox 783 1563 814 1604; x_wconf 90' lang='lat' dir='ltr'>ut</span> <span class='ocrx_word' id='word_1_85' title='bbox 827 1546 878 1605; x_wconf 86' lang='lat' dir='ltr'>su·</span> 
     </span>
     <span class='ocr_line' id='line_1_16' title="bbox 185 1623 878 1707; baseline 0 -23"><span class='ocrx_word' id='word_1_86' title='bbox 185 1626 240 1707; x_wconf 66' lang='lat' dir='ltr'>pra</span> <span class='ocrx_word' id='word_1_87' title='bbox 259 1627 341 1697; x_wconf 83' lang='lat' dir='ltr'>dixi,</span> <span class='ocrx_word' id='word_1_88' title='bbox 357 1641 490 1684; x_wconf 86' lang='lat' dir='ltr'>mentem</span> <span class='ocrx_word' id='word_1_89' title='bbox 509 1624 651 1683; x_wconf 86' lang='lat' dir='ltr'>dederunt</span> <span class='ocrx_word' id='word_1_90' title='bbox 663 1624 703 1681; x_wconf 86' lang='lat' dir='ltr'>illi</span> <span class='ocrx_word' id='word_1_91' title='bbox 716 1623 831 1704; x_wconf 89' lang='lat' dir='ltr'>perdito</span> <span class='ocrx_word' id='word_1_92' title='bbox 843 1646 878 1684; x_wconf 85' lang='lat' dir='ltr'>ac</span> 
     </span>
     <span class='ocr_line' id='line_1_17' title="bbox 187 1701 879 1787; baseline 0.001 -22"><span class='ocrx_word' id='word_1_93' title='bbox 187 1705 316 1776; x_wconf 82' lang='lat' dir='ltr'>furioso,</span> <span class='ocrx_word' id='word_1_94' title='bbox 338 1721 369 1764; x_wconf 93' lang='lat' dir='ltr'>ut</span> <span class='ocrx_word' id='word_1_95' title='bbox 380 1704 445 1764; x_wconf 85' lang='lat' dir='ltr'>huic</span> <span class='ocrx_word' id='word_1_96' title='bbox 465 1702 573 1763; x_wconf 88' lang='lat' dir='ltr'>faceret</span> <span class='ocrx_word' id='word_1_97' title='bbox 591 1701 813 1765; x_wconf 77' lang='lat' dir='ltr'>insidiastaliter</span> <span class='ocrx_word' id='word_1_98' title='bbox 823 1726 879 1787; x_wconf 86' lang='lat' dir='ltr'>pc·</span> 
     </span>
     <span class='ocr_line' id='line_1_18' title="bbox 187 1783 877 1866; baseline 0.003 -21"><span class='ocrx_word' id='word_1_99' title='bbox 187 1789 246 1846; x_wconf 88' lang='lat' dir='ltr'>rire</span> <span class='ocrx_word' id='word_1_100' title='bbox 264 1783 351 1866; x_wconf 81' lang='lat' dir='ltr'>pellis</span> <span class='ocrx_word' id='word_1_101' title='bbox 366 1784 415 1844; x_wconf 90' lang='lat' dir='ltr'>illa</span> <span class='ocrx_word' id='word_1_102' title='bbox 431 1805 491 1844; x_wconf 89' lang='lat' dir='ltr'>non</span> <span class='ocrx_word' id='word_1_103' title='bbox 504 1784 599 1864; x_wconf 92' lang='lat' dir='ltr'>potuit</span> <span class='ocrx_word' id='word_1_104' title='bbox 609 1805 616 1843; x_wconf 92' lang='lat'><strong>:</strong></span> <span class='ocrx_word' id='word_1_105' title='bbox 626 1804 782 1864; x_wconf 90' lang='lat' dir='ltr'>numquam</span> <span class='ocrx_word' id='word_1_106' title='bbox 793 1787 877 1848; x_wconf 84' lang='lat' dir='ltr'>illum&#39;</span> 
     </span>
     <span class='ocr_line' id='line_1_19' title="bbox 187 1861 876 1947; baseline 0.001 -21"><span class='ocrx_word' id='word_1_107' title='bbox 187 1865 349 1947; x_wconf 83' lang='lat' dir='ltr'>respublica</span> <span class='ocrx_word' id='word_1_108' title='bbox 378 1864 428 1925; x_wconf 90' lang='lat' dir='ltr'>suo</span> <span class='ocrx_word' id='word_1_109' title='bbox 454 1861 517 1942; x_wconf 87' lang='lat' dir='ltr'>jure</span> <span class='ocrx_word' id='word_1_110' title='bbox 544 1862 614 1925; x_wconf 87' lang='lat' dir='ltr'>esset</span> <span class='ocrx_word' id='word_1_111' title='bbox 641 1864 711 1924; x_wconf 87' lang='lat' dir='ltr'>ulta.</span> <span class='ocrx_word' id='word_1_112' title='bbox 732 1864 876 1941; x_wconf 65' lang='lat' dir='ltr'>Senatus,&#39;</span> 
     </span>
     <span class='ocr_line' id='line_1_20' title="bbox 190 1943 878 2026; baseline 0.003 -21"><span class='ocrx_word' id='word_1_113' title='bbox 190 1946 302 2016; x_wconf 88' lang='lat' dir='ltr'>credo,</span> <span class='ocrx_word' id='word_1_114' title='bbox 323 1962 480 2026; x_wconf 83' lang='lat' dir='ltr'>praetorem</span> <span class='ocrx_word' id='word_1_115' title='bbox 506 1950 575 2003; x_wconf 85' lang='lat' dir='ltr'>e&#39;um</span> <span class='ocrx_word' id='word_1_116' title='bbox 600 1943 878 2025; x_wconf 70' lang='lat' dir='ltr'>circumscripsisseta</span> 
     </span>
     <span class='ocr_line' id='line_1_21' title="bbox 190 2022 879 2110; baseline -0.004 -25"><span class='ocrx_word' id='word_1_117' title='bbox 190 2045 229 2085; x_wconf 88' lang='lat' dir='ltr'>ne</span> <span class='ocrx_word' id='word_1_118' title='bbox 248 2046 334 2106; x_wconf 89' lang='lat' dir='ltr'>quum</span> <span class='ocrx_word' id='word_1_119' title='bbox 349 2024 460 2087; x_wconf 85' lang='lat' dir='ltr'>solebat</span> <span class='ocrx_word' id='word_1_120' title='bbox 470 2023 588 2106; x_wconf 85' lang='lat' dir='ltr'>quidem</span> <span class='ocrx_word' id='word_1_121' title='bbox 599 2024 630 2084; x_wconf 89' lang='lat' dir='ltr'>id</span> <span class='ocrx_word' id='word_1_122' title='bbox 642 2022 758 2098; x_wconf 84' lang='lat' dir='ltr'>facere,</span> <span class='ocrx_word' id='word_1_123' title='bbox 774 2027 804 2086; x_wconf 86' lang='lat' dir='ltr'>ln</span> <span class='ocrx_word' id='word_1_124' title='bbox 817 2028 879 2110; x_wconf 69' lang='lat' dir='ltr'>pri-</span> 
     </span>
     <span class='ocr_line' id='line_1_22' title="bbox 188 2105 877 2188; baseline 0 -21"><span class='ocrx_word' id='word_1_125' title='bbox 188 2123 260 2167; x_wconf 84' lang='lat' dir='ltr'>vato</span> <span class='ocrx_word' id='word_1_126' title='bbox 279 2105 387 2167; x_wconf 82' lang='lat' dir='ltr'>eodem</span> <span class='ocrx_word' id='word_1_127' title='bbox 411 2107 493 2177; x_wconf 88' lang='lat' dir='ltr'>hoc,</span> <span class='ocrx_word' id='word_1_128' title='bbox 511 2105 618 2188; x_wconf 84' lang='lat' dir='ltr'>aliquid</span> <span class='ocrx_word' id='word_1_129' title='bbox 636 2105 811 2187; x_wconf 84' lang='lat' dir='ltr'>profecerat.</span> <span class='ocrx_word' id='word_1_130' title='bbox 873 2113 877 2120; x_wconf 87' lang='lat'>&#39;</span> 
     </span>
     <span class='ocr_line' id='line_1_23' title="bbox 232 2185 882 2267; baseline 0.008 -22"><span class='ocrx_word' id='word_1_131' title='bbox 232 2185 282 2263; x_wconf 73' lang='grc'>89.</span> <span class='ocrx_word' id='word_1_132' title='bbox 298 2185 345 2245; x_wconf 86' lang='lat' dir='ltr'>An</span> <span class='ocrx_word' id='word_1_133' title='bbox 363 2186 492 2246; x_wconf 84' lang='lat' dir='ltr'>consules</span> <span class='ocrx_word' id='word_1_134' title='bbox 510 2189 540 2245; x_wconf 89' lang='lat' dir='ltr'>in</span> <span class='ocrx_word' id='word_1_135' title='bbox 560 2201 687 2267; x_wconf 78' lang='lat' dir='ltr'>praetore</span> <span class='ocrx_word' id='word_1_136' title='bbox 704 2188 882 2250; x_wconf 88' lang='lat' dir='ltr'>coercendo·</span> 
     </span>
     <span class='ocr_line' id='line_1_24' title="bbox 190 2263 875 2329; baseline 0.006 -4"><span class='ocrx_word' id='word_1_137' title='bbox 190 2263 282 2325; x_wconf 87' lang='lat' dir='ltr'>sortes</span> <span class='ocrx_word' id='word_1_138' title='bbox 308 2265 445 2327; x_wconf 74' lang='lat' dir='ltr'>fuissent?</span> <span class='ocrx_word' id='word_1_139' title='bbox 477 2266 603 2328; x_wconf 74' lang='lat' dir='ltr'>Primum</span> <span class='ocrx_word' id='word_1_140' title='bbox 629 2267 745 2329; x_wconf 86' lang='lat' dir='ltr'><strong>Milone</strong></span> <span class='ocrx_word' id='word_1_141' title='bbox 777 2269 875 2329; x_wconf 88' lang='lat' dir='ltr'>occiso</span> 
     </span>
     <span class='ocr_line' id='line_1_25' title="bbox 190 2342 875 2431; baseline 0.01 -27"><span class='ocrx_word' id='word_1_142' title='bbox 190 2342 331 2426; x_wconf 82' lang='lat' dir='ltr'>habuisset</span> <span class='ocrx_word' id='word_1_143' title='bbox 355 2346 419 2406; x_wconf 89' lang='lat' dir='ltr'>suos</span> <span class='ocrx_word' id='word_1_144' title='bbox 442 2347 601 2408; x_wconf 88' lang='lat' dir='ltr'>consules:</span> <span class='ocrx_word' id='word_1_145' title='bbox 630 2349 736 2408; x_wconf 89' lang='lat' dir='ltr'>deinde</span> <span class='ocrx_word' id='word_1_146' title='bbox 756 2353 818 2431; x_wconf 88' lang='lat' dir='ltr'>quis</span> <span class='ocrx_word' id='word_1_147' title='bbox 844 2352 875 2411; x_wconf 82' lang='lat' dir='ltr'>in&#39;</span> 
     </span>
     <span class='ocr_line' id='line_1_26' title="bbox 190 2426 876 2511; baseline 0.003 -22"><span class='ocrx_word' id='word_1_148' title='bbox 190 2447 230 2489; x_wconf 86' lang='lat' dir='ltr'>eo</span> <span class='ocrx_word' id='word_1_149' title='bbox 253 2442 376 2508; x_wconf 85' lang='lat' dir='ltr'>praetore</span> <span class='ocrx_word' id='word_1_150' title='bbox 394 2426 492 2488; x_wconf 93' lang='lat' dir='ltr'>consul</span> <span class='ocrx_word' id='word_1_151' title='bbox 509 2428 591 2488; x_wconf 84' lang='lat' dir='ltr'>fortis</span> <span class='ocrx_word' id='word_1_152' title='bbox 611 2426 699 2500; x_wconf 77' lang='lat' dir='ltr'>aller,</span> <span class='ocrx_word' id='word_1_153' title='bbox 713 2449 767 2510; x_wconf 87' lang='lat' dir='ltr'>per</span> <span class='ocrx_word' id='word_1_154' title='bbox 786 2450 876 2511; x_wconf 87' lang='lat' dir='ltr'>quern</span> 
     </span>
     <span class='ocr_line' id='line_1_27' title="bbox 191 2507 877 2580; baseline 0.003 -13"><span class='ocrx_word' id='word_1_155' title='bbox 191 2507 354 2580; x_wconf 86' lang='lat' dir='ltr'>tribunum,</span> <span class='ocrx_word' id='word_1_156' title='bbox 369 2509 464 2567; x_wconf 85' lang='lat' dir='ltr'>virum</span> <span class='ocrx_word' id='word_1_157' title='bbox 480 2508 659 2569; x_wconf 85' lang='lat' dir='ltr'>consularem</span> <span class='ocrx_word' id='word_1_158' title='bbox 677 2511 877 2570; x_wconf 66' lang='lat' dir='ltr'>crudelissime</span> 
     </span>
     <span class='ocr_line' id='line_1_28' title="bbox 190 2585 876 2668; baseline 0 -22"><span class='ocrx_word' id='word_1_159' title='bbox 190 2603 331 2646; x_wconf 86' lang='lat' dir='ltr'>vexatum</span> <span class='ocrx_word' id='word_1_160' title='bbox 341 2585 395 2647; x_wconf 86' lang='lat' dir='ltr'>esse</span> <span class='ocrx_word' id='word_1_161' title='bbox 410 2588 599 2650; x_wconf 87' lang='lat' dir='ltr'>meminisset?</span> <span class='ocrx_word' id='word_1_162' title='bbox 615 2588 798 2668; x_wconf 75' lang='lat' dir='ltr'>oppressisset</span> <span class='ocrx_word' id='word_1_163' title='bbox 809 2590 876 2648; x_wconf 58' lang='lat' dir='ltr'>omss</span> 
     </span>
     <span class='ocr_line' id='line_1_29' title="bbox 190 2668 876 2748; baseline 0.001 -22"><span class='ocrx_word' id='word_1_164' title='bbox 190 2671 259 2740; x_wconf 88' lang='lat' dir='ltr'>nia,</span> <span class='ocrx_word' id='word_1_165' title='bbox 277 2668 453 2747; x_wconf 81' lang='lat' dir='ltr'>possideret,</span> <span class='ocrx_word' id='word_1_166' title='bbox 467 2685 581 2731; x_wconf 88' lang='lat' dir='ltr'>teneret</span> <span class='ocrx_word' id='word_1_167' title='bbox 598 2689 606 2727; x_wconf 75' lang='grc' dir='ltr'><strong>ι</strong></span> <span class='ocrx_word' id='word_1_168' title='bbox 623 2670 689 2748; x_wconf 83' lang='lat' dir='ltr'>lege</span> <span class='ocrx_word' id='word_1_169' title='bbox 702 2669 798 2740; x_wconf 72' lang='lat' dir='ltr'>nova,</span> <span class='ocrx_word' id='word_1_170' title='bbox 812 2673 876 2747; x_wconf 81' lang='lat' dir='ltr'>q&#39;uae</span> 
     </span>
     <span class='ocr_line' id='line_1_30' title="bbox 190 2746 910 2830; baseline 0.001 -22"><span class='ocrx_word' id='word_1_171' title='bbox 190 2746 234 2808; x_wconf 87' lang='lat' dir='ltr'>est</span> <span class='ocrx_word' id='word_1_172' title='bbox 253 2750 372 2808; x_wconf 89' lang='lat' dir='ltr'>inventa</span> <span class='ocrx_word' id='word_1_173' title='bbox 391 2750 469 2830; x_wconf 87' lang='lat' dir='ltr'>apud</span> <span class='ocrx_word' id='word_1_174' title='bbox 490 2771 559 2811; x_wconf 87' lang='lat' dir='ltr'>eum</span> <span class='ocrx_word' id='word_1_175' title='bbox 579 2768 644 2807; x_wconf 91' lang='lat' dir='ltr'>cum</span> <span class='ocrx_word' id='word_1_176' title='bbox 666 2747 779 2828; x_wconf 87' lang='lat' dir='ltr'>reliquis</span> <span class='ocrx_word' id='word_1_177' title='bbox 799 2748 877 2830; x_wconf 47' lang='lat' dir='ltr'>legi&amp;</span> <span class='ocrx_word' id='word_1_178' title='bbox 897 2813 910 2821; x_wconf 23' lang='grc' dir='ltr'>Ν</span> 
     </span>
     <span class='ocr_line' id='line_1_31' title="bbox 187 2823 878 2903; baseline 0.001 -14"><span class='ocrx_word' id='word_1_179' title='bbox 187 2828 244 2889; x_wconf 88' lang='lat' dir='ltr'>bus</span> <span class='ocrx_word' id='word_1_180' title='bbox 258 2823 427 2903; x_wconf 84' lang='lat' dir='ltr'>Clodianis,</span> <span class='ocrx_word' id='word_1_181' title='bbox 445 2828 544 2892; x_wconf 88' lang='lat' dir='ltr'>servos</span> <span class='ocrx_word' id='word_1_182' title='bbox 555 2827 668 2889; x_wconf 86' lang='lat' dir='ltr'>nostros</span> <span class='ocrx_word' id='word_1_183' title='bbox 680 2828 799 2889; x_wconf 87' lang='lat' dir='ltr'>libertos</span> <span class='ocrx_word' id='word_1_184' title='bbox 810 2828 878 2890; x_wconf 87' lang='lat' dir='ltr'>suos</span> 
     </span>
     <span class='ocr_line' id='line_1_32' title="bbox 187 2906 878 2993; baseline -0.003 -21"><span class='ocrx_word' id='word_1_185' title='bbox 187 2906 321 2972; x_wconf 80' lang='lat' dir='ltr'>fecisset:</span> <span class='ocrx_word' id='word_1_186' title='bbox 340 2910 508 2993; x_wconf 82' lang='lat' dir='ltr'>postremb,</span> <span class='ocrx_word' id='word_1_187' title='bbox 528 2912 582 2972; x_wconf 79' lang='lat' dir='ltr'>nisi</span> <span class='ocrx_word' id='word_1_188' title='bbox 602 2929 669 2972; x_wconf 85' lang='lat' dir='ltr'>curn</span> <span class='ocrx_word' id='word_1_189' title='bbox 691 2908 729 2969; x_wconf 84' lang='lat' dir='ltr'>dii</span> <span class='ocrx_word' id='word_1_190' title='bbox 751 2912 878 2978; x_wconf 60' lang='lat' dir='ltr'>immor3</span> 
     </span>
    </p>
   </div>
   <div class='ocr_carea' id='block_1_3' title="bbox 644 2987 754 3054">
    <p class='ocr_par' dir='ltr' id='par_1_3' title="bbox 644 2987 754 3054">
     <span class='ocr_line' id='line_1_33' title="bbox 644 2987 754 3054; baseline 0.018 -3"><span class='ocrx_word' id='word_1_191' title='bbox 644 2987 754 3054; x_wconf 85' lang='lat' dir='ltr'>·Div</span> 
     </span>
    </p>
   </div>
   <div class='ocr_carea' id='block_1_4' title="bbox 801 3262 987 3402">
    <p class='ocr_par' dir='ltr' id='par_1_4' title="bbox 801 3262 987 3402">
     <span class='ocr_line' id='line_1_34' title="bbox 801 3262 987 3402; baseline 0 0"><span class='ocrx_word' id='word_1_192' title='bbox 801 3338 804 3343; x_wconf 73' lang='lat'>.</span> <span class='ocrx_word' id='word_1_193' title='bbox 830 3262 987 3402; x_wconf 70' lang='grc' dir='ltr'><em>Γ</em></span> 
     </span>
    </p>
   </div>
   <div class='ocr_carea' id='block_1_5' title="bbox 0 0 1076 3784">
    <p class='ocr_par' dir='ltr' id='par_1_5' title="bbox 0 0 1076 3784">
     <span class='ocr_line' id='line_1_35' title="bbox 0 0 1076 3784; baseline 0 0"><span class='ocrx_word' id='word_1_194' title='bbox 0 0 1076 3784; x_wconf 95' lang='lat' dir='ltr'> </span> 
     </span>
    </p>
   </div>
  </div>
 </body>
</html>
