<?xml version="1.0" encoding="UTF-8"?>
<!DOCTYPE html PUBLIC "-//W3C//DTD XHTML 1.0 Transitional//EN"
    "http://www.w3.org/TR/xhtml1/DTD/xhtml1-transitional.dtd">
<html xmlns="http://www.w3.org/1999/xhtml" xml:lang="en" lang="en">
 <head>
  <title>
</title>
<meta http-equiv="Content-Type" content="text/html;charset=utf-8" />
  <meta name='ocr-system' content='tesseract 3.04.00' />
  <meta name='ocr-capabilities' content='ocr_page ocr_carea ocr_par ocr_line ocrx_word'/>
</head>
<body>
  <div class='ocr_page' id='page_1' title='image "./mtulliiciceroni04lallgoog_0092.png"; bbox 0 0 2125 3784; ppageno 0'>
   <div class='ocr_carea' id='block_1_1' title="bbox 175 283 626 380">
    <p class='ocr_par' dir='ltr' id='par_1_1' title="bbox 175 283 626 380">
     <span class='ocr_line' id='line_1_1' title="bbox 175 283 626 380; baseline -0.009 -21"><span class='ocrx_word' id='word_1_1' title='bbox 175 285 234 380; x_wconf 72' lang='lat'>84</span> <span class='ocrx_word' id='word_1_2' title='bbox 398 283 626 355; x_wconf 78' lang='lat' dir='ltr'>OnArro</span> 
     </span>
    </p>
   </div>
   <div class='ocr_carea' id='block_1_2' title="bbox 165 398 867 2899">
    <p class='ocr_par' dir='ltr' id='par_1_2' title="bbox 171 398 867 726">
     <span class='ocr_line' id='line_1_2' title="bbox 173 398 867 483; baseline 0.001 -18"><span class='ocrx_word' id='word_1_3' title='bbox 173 423 244 465; x_wconf 85' lang='lat' dir='ltr'>vera</span> <span class='ocrx_word' id='word_1_4' title='bbox 262 398 342 474; x_wconf 89' lang='lat' dir='ltr'>sunt,</span> <span class='ocrx_word' id='word_1_5' title='bbox 362 399 454 463; x_wconf 83' lang='lat' dir='ltr'>fortes</span> <span class='ocrx_word' id='word_1_6' title='bbox 476 402 508 464; x_wconf 90' lang='lat'>&amp;</span> <span class='ocrx_word' id='word_1_7' title='bbox 528 400 671 483; x_wconf 83' lang='lat' dir='ltr'>sapientes</span> <span class='ocrx_word' id='word_1_8' title='bbox 691 400 777 463; x_wconf 80' lang='lat' dir='ltr'>viros</span> <span class='ocrx_word' id='word_1_9' title='bbox 804 423 867 466; x_wconf 86' lang='lat' dir='ltr'>non</span> 
     </span>
     <span class='ocr_line' id='line_1_3' title="bbox 173 481 866 563; baseline 0.003 -20"><span class='ocrx_word' id='word_1_10' title='bbox 173 500 234 543; x_wconf 86' lang='lat' dir='ltr'>tam</span> <span class='ocrx_word' id='word_1_11' title='bbox 253 485 370 562; x_wconf 88' lang='lat' dir='ltr'>praemia</span> <span class='ocrx_word' id='word_1_12' title='bbox 388 482 466 563; x_wconf 89' lang='lat' dir='ltr'>sequi</span> <span class='ocrx_word' id='word_1_13' title='bbox 489 482 581 544; x_wconf 86' lang='lat' dir='ltr'>solere</span> <span class='ocrx_word' id='word_1_14' title='bbox 600 482 678 542; x_wconf 69' lang='lat' dir='ltr'>rede</span> <span class='ocrx_word' id='word_1_15' title='bbox 699 481 866 560; x_wconf 71' lang='lat' dir='ltr'>sasierum,</span> 
     </span>
     <span class='ocr_line' id='line_1_4' title="bbox 173 561 866 644; baseline 0.006 -22"><span class='ocrx_word' id='word_1_16' title='bbox 173 562 261 644; x_wconf 81' lang='lat' dir='ltr'>quim</span> <span class='ocrx_word' id='word_1_17' title='bbox 279 561 337 644; x_wconf 86' lang='lat' dir='ltr'>ipsa</span> <span class='ocrx_word' id='word_1_18' title='bbox 355 564 431 624; x_wconf 59' lang='lat' dir='ltr'>redd</span> <span class='ocrx_word' id='word_1_19' title='bbox 449 561 539 623; x_wconf 71' lang='lat' dir='ltr'>farra:</span> <span class='ocrx_word' id='word_1_20' title='bbox 556 562 585 623; x_wconf 86' lang='lat' dir='ltr'>se</span> <span class='ocrx_word' id='word_1_21' title='bbox 600 563 671 622; x_wconf 81' lang='lat' dir='ltr'>nihil</span> <span class='ocrx_word' id='word_1_22' title='bbox 686 565 718 622; x_wconf 94' lang='lat' dir='ltr'>in</span> <span class='ocrx_word' id='word_1_23' title='bbox 735 567 800 624; x_wconf 87' lang='lat' dir='ltr'>vita</span> <span class='ocrx_word' id='word_1_24' title='bbox 812 568 866 627; x_wconf 86' lang='lat' dir='ltr'>nisi</span> 
     </span>
     <span class='ocr_line' id='line_1_5' title="bbox 171 642 862 726; baseline 0.004 -24"><span class='ocrx_word' id='word_1_25' title='bbox 171 644 386 726; x_wconf 66' lang='lat' dir='ltr'>praeclarissime</span> <span class='ocrx_word' id='word_1_26' title='bbox 406 642 524 715; x_wconf 83' lang='lat' dir='ltr'>feciffe3</span> <span class='ocrx_word' id='word_1_27' title='bbox 548 646 572 703; x_wconf 86' lang='lat' dir='ltr'>si</span> <span class='ocrx_word' id='word_1_28' title='bbox 592 643 713 725; x_wconf 85' lang='lat' dir='ltr'>quidem</span> <span class='ocrx_word' id='word_1_29' title='bbox 732 645 807 704; x_wconf 88' lang='lat' dir='ltr'>nihil</span> <span class='ocrx_word' id='word_1_30' title='bbox 829 647 862 706; x_wconf 86' lang='lat' dir='ltr'>sit</span> 
     </span>
    </p>

    <p class='ocr_par' dir='ltr' id='par_1_3' title="bbox 170 722 863 947">
     <span class='ocr_line' id='line_1_6' title="bbox 194 722 863 863; baseline 0.006 -81"><span class='ocrx_word' id='word_1_31' title='bbox 194 723 356 785; x_wconf 89' lang='lat' dir='ltr'>raestabilius</span> <span class='ocrx_word' id='word_1_32' title='bbox 375 727 440 785; x_wconf 90' lang='lat' dir='ltr'>viro</span> <span class='ocrx_word' id='word_1_33' title='bbox 452 769 461 797; x_wconf 94' lang='lat'>,</span> <span class='ocrx_word' id='word_1_34' title='bbox 473 722 568 863; x_wconf 72' lang='lat' dir='ltr'>spuirm</span> <span class='ocrx_word' id='word_1_35' title='bbox 585 723 720 803; x_wconf 83' lang='lat' dir='ltr'>periculis</span> <span class='ocrx_word' id='word_1_36' title='bbox 736 727 863 805; x_wconf 82' lang='lat' dir='ltr'>patriam·</span> 
     </span>
     <span class='ocr_line' id='line_1_7' title="bbox 170 746 861 884; baseline 0.004 -20"><span class='ocrx_word' id='word_1_37' title='bbox 170 746 293 867; x_wconf 81' lang='lat' dir='ltr'>iiberare</span> <span class='ocrx_word' id='word_1_38' title='bbox 310 827 317 864; x_wconf 76' lang='grc' dir='ltr'>ε</span> <span class='ocrx_word' id='word_1_39' title='bbox 335 807 437 866; x_wconf 82' lang='lat' dir='ltr'>beatos</span> <span class='ocrx_word' id='word_1_40' title='bbox 455 825 472 865; x_wconf 90' lang='lat' dir='ltr'>e</span> <span class='ocrx_word' id='word_1_41' title='bbox 495 825 534 876; x_wconf 89' lang='lat' dir='ltr'>e,</span> <span class='ocrx_word' id='word_1_42' title='bbox 555 805 658 884; x_wconf 88' lang='lat' dir='ltr'>quibus</span> <span class='ocrx_word' id='word_1_43' title='bbox 679 823 716 865; x_wconf 84' lang='lat' dir='ltr'>ea</span> <span class='ocrx_word' id='word_1_44' title='bbox 734 826 784 868; x_wconf 90' lang='lat' dir='ltr'>res</span> <span class='ocrx_word' id='word_1_45' title='bbox 806 806 861 867; x_wconf 92' lang='lat' dir='ltr'>ho-</span> 
     </span>
     <span class='ocr_line' id='line_1_8' title="bbox 171 885 589 947; baseline -0.007 -1"><span class='ocrx_word' id='word_1_46' title='bbox 171 888 238 946; x_wconf 88' lang='lat' dir='ltr'>nori</span> <span class='ocrx_word' id='word_1_47' title='bbox 255 885 339 947; x_wconf 85' lang='lat' dir='ltr'>suerit</span> <span class='ocrx_word' id='word_1_48' title='bbox 360 909 376 945; x_wconf 88' lang='lat' dir='ltr'>a</span> <span class='ocrx_word' id='word_1_49' title='bbox 396 887 449 945; x_wconf 92' lang='lat' dir='ltr'>suis</span> <span class='ocrx_word' id='word_1_50' title='bbox 458 886 589 945; x_wconf 83' lang='lat' dir='ltr'>civibus:</span> 
     </span>
    </p>

    <p class='ocr_par' dir='ltr' id='par_1_4' title="bbox 168 964 865 1751">
     <span class='ocr_line' id='line_1_9' title="bbox 213 964 865 1045; baseline 0.003 -19"><span class='ocrx_word' id='word_1_51' title='bbox 213 983 263 1045; x_wconf 87' lang='lat'>97.</span> <span class='ocrx_word' id='word_1_52' title='bbox 282 965 346 1027; x_wconf 90' lang='lat' dir='ltr'>Nec</span> <span class='ocrx_word' id='word_1_53' title='bbox 362 985 460 1028; x_wconf 83' lang='lat' dir='ltr'>tamen</span> <span class='ocrx_word' id='word_1_54' title='bbox 479 985 531 1026; x_wconf 86' lang='lat' dir='ltr'>eos</span> <span class='ocrx_word' id='word_1_55' title='bbox 547 964 685 1036; x_wconf 86' lang='lat' dir='ltr'>miseros,</span> <span class='ocrx_word' id='word_1_56' title='bbox 704 967 759 1045; x_wconf 78' lang='lat' dir='ltr'>qni</span> <span class='ocrx_word' id='word_1_57' title='bbox 770 967 865 1028; x_wconf 82' lang='lat' dir='ltr'>bene·</span> 
     </span>
     <span class='ocr_line' id='line_1_10' title="bbox 169 1043 862 1108; baseline 0.001 -2"><span class='ocrx_word' id='word_1_58' title='bbox 169 1043 238 1106; x_wconf 85' lang='lat' dir='ltr'>ficio</span> <span class='ocrx_word' id='word_1_59' title='bbox 253 1049 331 1107; x_wconf 87' lang='lat' dir='ltr'>cives</span> <span class='ocrx_word' id='word_1_60' title='bbox 341 1045 405 1107; x_wconf 88' lang='lat' dir='ltr'>suos</span> <span class='ocrx_word' id='word_1_61' title='bbox 422 1047 559 1107; x_wconf 86' lang='lat' dir='ltr'>vicerint:</span> <span class='ocrx_word' id='word_1_62' title='bbox 569 1044 617 1106; x_wconf 89' lang='lat' dir='ltr'>sed</span> <span class='ocrx_word' id='word_1_63' title='bbox 632 1063 732 1105; x_wconf 86' lang='lat' dir='ltr'>tamen</span> <span class='ocrx_word' id='word_1_64' title='bbox 745 1067 784 1107; x_wconf 86' lang='lat' dir='ltr'>ex</span> <span class='ocrx_word' id='word_1_65' title='bbox 797 1069 862 1108; x_wconf 89' lang='lat' dir='ltr'>orn·</span> 
     </span>
     <span class='ocr_line' id='line_1_11' title="bbox 170 1123 864 1210; baseline 0 -22"><span class='ocrx_word' id='word_1_66' title='bbox 170 1129 256 1188; x_wconf 88' lang='lat' dir='ltr'>nibus</span> <span class='ocrx_word' id='word_1_67' title='bbox 273 1130 396 1210; x_wconf 85' lang='lat' dir='ltr'>praemiis</span> <span class='ocrx_word' id='word_1_68' title='bbox 420 1128 557 1197; x_wconf 83' lang='lat' dir='ltr'>virtutis,</span> <span class='ocrx_word' id='word_1_69' title='bbox 580 1129 604 1185; x_wconf 90' lang='lat' dir='ltr'>si</span> <span class='ocrx_word' id='word_1_70' title='bbox 625 1123 695 1185; x_wconf 87' lang='lat' dir='ltr'>esset</span> <span class='ocrx_word' id='word_1_71' title='bbox 720 1124 864 1199; x_wconf 56' lang='lat' dir='ltr'>habenda,</span> 
     </span>
     <span class='ocr_line' id='line_1_12' title="bbox 169 1205 858 1289; baseline 0.003 -22"><span class='ocrx_word' id='word_1_72' title='bbox 169 1211 245 1269; x_wconf 88' lang='lat' dir='ltr'>ratio</span> <span class='ocrx_word' id='word_1_73' title='bbox 262 1211 465 1289; x_wconf 81' lang='lat' dir='ltr'>praemiorum,</span> <span class='ocrx_word' id='word_1_74' title='bbox 481 1208 686 1286; x_wconf 86' lang='lat' dir='ltr'>amplissimum</span> <span class='ocrx_word' id='word_1_75' title='bbox 704 1205 764 1267; x_wconf 80' lang='lat' dir='ltr'>esse</span> <span class='ocrx_word' id='word_1_76' title='bbox 784 1230 858 1288; x_wconf 83' lang='lat' dir='ltr'>prae·</span> 
     </span>
     <span class='ocr_line' id='line_1_13' title="bbox 169 1286 858 1370; baseline 0.001 -21"><span class='ocrx_word' id='word_1_77' title='bbox 169 1291 280 1363; x_wconf 90' lang='lat' dir='ltr'>mium,</span> <span class='ocrx_word' id='word_1_78' title='bbox 292 1290 431 1370; x_wconf 89' lang='lat' dir='ltr'>gloriam:</span> <span class='ocrx_word' id='word_1_79' title='bbox 442 1286 498 1348; x_wconf 89' lang='lat' dir='ltr'>esse</span> <span class='ocrx_word' id='word_1_80' title='bbox 512 1288 585 1347; x_wconf 83' lang='lat' dir='ltr'>hanc</span> <span class='ocrx_word' id='word_1_81' title='bbox 596 1307 700 1357; x_wconf 88' lang='lat' dir='ltr'>unam,</span> <span class='ocrx_word' id='word_1_82' title='bbox 713 1309 780 1367; x_wconf 83' lang='lat' dir='ltr'>quae</span> <span class='ocrx_word' id='word_1_83' title='bbox 795 1290 858 1351; x_wconf 90' lang='lat' dir='ltr'>bre·</span> 
     </span>
     <span class='ocr_line' id='line_1_14' title="bbox 169 1367 860 1450; baseline 0.001 -21"><span class='ocrx_word' id='word_1_84' title='bbox 169 1371 292 1429; x_wconf 87' lang='lat' dir='ltr'>vitatem</span> <span class='ocrx_word' id='word_1_85' title='bbox 312 1372 379 1428; x_wconf 83' lang='lat' dir='ltr'>vitae</span> <span class='ocrx_word' id='word_1_86' title='bbox 397 1367 569 1450; x_wconf 87' lang='lat' dir='ltr'>posteritatis</span> <span class='ocrx_word' id='word_1_87' title='bbox 586 1367 729 1428; x_wconf 70' lang='lat' dir='ltr'>memorii</span> <span class='ocrx_word' id='word_1_88' title='bbox 749 1368 860 1430; x_wconf 75' lang='lat' dir='ltr'>conse·</span> 
     </span>
     <span class='ocr_line' id='line_1_15' title="bbox 169 1445 858 1530; baseline -0.001 -21"><span class='ocrx_word' id='word_1_89' title='bbox 169 1449 296 1524; x_wconf 84' lang='lat' dir='ltr'>laretur3</span> <span class='ocrx_word' id='word_1_90' title='bbox 317 1471 380 1530; x_wconf 87' lang='lat' dir='ltr'>quae</span> <span class='ocrx_word' id='word_1_91' title='bbox 401 1448 546 1518; x_wconf 87' lang='lat' dir='ltr'>efficeret,</span> <span class='ocrx_word' id='word_1_92' title='bbox 566 1466 597 1506; x_wconf 87' lang='lat' dir='ltr'>ut</span> <span class='ocrx_word' id='word_1_93' title='bbox 619 1445 753 1508; x_wconf 81' lang='lat' dir='ltr'>absentes</span> <span class='ocrx_word' id='word_1_94' title='bbox 772 1451 858 1510; x_wconf 87' lang='lat' dir='ltr'>ades·</span> 
     </span>
     <span class='ocr_line' id='line_1_16' title="bbox 168 1528 858 1610; baseline 0.001 -20"><span class='ocrx_word' id='word_1_95' title='bbox 168 1530 283 1606; x_wconf 86' lang='lat' dir='ltr'>semus,</span> <span class='ocrx_word' id='word_1_96' title='bbox 304 1533 410 1591; x_wconf 87' lang='lat' dir='ltr'>mortui</span> <span class='ocrx_word' id='word_1_97' title='bbox 436 1528 706 1590; x_wconf 79' lang='lat' dir='ltr'>viveremuszbana</span> <span class='ocrx_word' id='word_1_98' title='bbox 728 1528 858 1610; x_wconf 83' lang='lat' dir='ltr'>denique</span> 
     </span>
     <span class='ocr_line' id='line_1_17' title="bbox 169 1609 857 1694; baseline 0 -22"><span class='ocrx_word' id='word_1_99' title='bbox 169 1609 227 1673; x_wconf 82' lang='lat' dir='ltr'>esse</span> <span class='ocrx_word' id='word_1_100' title='bbox 240 1658 249 1687; x_wconf 92' lang='lat'>‚</span> <span class='ocrx_word' id='word_1_101' title='bbox 267 1610 346 1689; x_wconf 78' lang='lat' dir='ltr'>cujus</span> <span class='ocrx_word' id='word_1_102' title='bbox 358 1611 491 1694; x_wconf 85' lang='lat' dir='ltr'>gradibus</span> <span class='ocrx_word' id='word_1_103' title='bbox 506 1611 593 1670; x_wconf 89' lang='lat' dir='ltr'>etiam</span> <span class='ocrx_word' id='word_1_104' title='bbox 606 1609 739 1670; x_wconf 88' lang='lat' dir='ltr'>homines</span> <span class='ocrx_word' id='word_1_105' title='bbox 750 1611 782 1669; x_wconf 90' lang='lat' dir='ltr'>in</span> <span class='ocrx_word' id='word_1_106' title='bbox 796 1632 857 1671; x_wconf 87' lang='lat' dir='ltr'>coe·</span> 
     </span>
     <span class='ocr_line' id='line_1_18' title="bbox 171 1691 626 1751; baseline 0 -1"><span class='ocrx_word' id='word_1_107' title='bbox 171 1691 232 1750; x_wconf 89' lang='lat' dir='ltr'>lum</span> <span class='ocrx_word' id='word_1_108' title='bbox 255 1693 423 1751; x_wconf 85' lang='lat' dir='ltr'>viderentur</span> <span class='ocrx_word' id='word_1_109' title='bbox 440 1691 626 1751; x_wconf 85' lang='lat' dir='ltr'>adscendere.</span> 
     </span>
    </p>

    <p class='ocr_par' dir='ltr' id='par_1_5' title="bbox 165 1769 859 2899">
     <span class='ocr_line' id='line_1_19' title="bbox 211 1769 855 1852; baseline 0.006 -23"><span class='ocrx_word' id='word_1_110' title='bbox 211 1769 260 1848; x_wconf 90' lang='lat'>98.</span> <span class='ocrx_word' id='word_1_111' title='bbox 272 1769 322 1829; x_wconf 93' lang='lat' dir='ltr'>De</span> <span class='ocrx_word' id='word_1_112' title='bbox 334 1791 399 1842; x_wconf 88' lang='lat' dir='ltr'>me,</span> <span class='ocrx_word' id='word_1_113' title='bbox 413 1772 522 1849; x_wconf 85' lang='lat' dir='ltr'>inquit,</span> <span class='ocrx_word' id='word_1_114' title='bbox 537 1769 647 1850; x_wconf 78' lang='lat' dir='ltr'>semper.</span> <span class='ocrx_word' id='word_1_115' title='bbox 657 1771 784 1852; x_wconf 87' lang='lat' dir='ltr'>populus</span> <span class='ocrx_word' id='word_1_116' title='bbox 794 1770 855 1834; x_wconf 74' lang='lat' dir='ltr'>Ro-</span> 
     </span>
     <span class='ocr_line' id='line_1_20' title="bbox 169 1849 859 1933; baseline 0.006 -21"><span class='ocrx_word' id='word_1_117' title='bbox 169 1870 291 1926; x_wconf 85' lang='lat' dir='ltr'>manus,</span> <span class='ocrx_word' id='word_1_118' title='bbox 307 1849 420 1932; x_wconf 86' lang='lat' dir='ltr'>semper</span> <span class='ocrx_word' id='word_1_119' title='bbox 438 1870 541 1909; x_wconf 87' lang='lat' dir='ltr'>omnes</span> <span class='ocrx_word' id='word_1_120' title='bbox 560 1869 663 1932; x_wconf 81' lang='lat' dir='ltr'>gentes</span> <span class='ocrx_word' id='word_1_121' title='bbox 678 1853 859 1933; x_wconf 62' lang='lat' dir='ltr'>loquemur,</span> 
     </span>
     <span class='ocr_line' id='line_1_21' title="bbox 168 1930 853 2014; baseline 0.004 -22"><span class='ocrx_word' id='word_1_122' title='bbox 168 1932 248 1992; x_wconf 86' lang='lat' dir='ltr'>nulla</span> <span class='ocrx_word' id='word_1_123' title='bbox 267 1954 404 2013; x_wconf 87' lang='lat' dir='ltr'>umquam</span> <span class='ocrx_word' id='word_1_124' title='bbox 423 1930 603 1992; x_wconf 87' lang='lat' dir='ltr'>obmutescet</span> <span class='ocrx_word' id='word_1_125' title='bbox 623 1931 768 1992; x_wconf 88' lang='lat' dir='ltr'>vetustas:</span> <span class='ocrx_word' id='word_1_126' title='bbox 784 1936 853 2014; x_wconf 90' lang='lat' dir='ltr'>quin</span> 
     </span>
     <span class='ocr_line' id='line_1_22' title="bbox 168 2011 853 2092; baseline 0.003 -19"><span class='ocrx_word' id='word_1_127' title='bbox 168 2012 227 2073; x_wconf 91' lang='lat' dir='ltr'>hoc</span> <span class='ocrx_word' id='word_1_128' title='bbox 244 2029 379 2090; x_wconf 87' lang='lat' dir='ltr'>tempore</span> <span class='ocrx_word' id='word_1_129' title='bbox 398 2011 484 2090; x_wconf 89' lang='lat' dir='ltr'>ipso,</span> <span class='ocrx_word' id='word_1_130' title='bbox 510 2033 598 2092; x_wconf 92' lang='lat' dir='ltr'>quum</span> <span class='ocrx_word' id='word_1_131' title='bbox 617 2033 721 2073; x_wconf 90' lang='lat' dir='ltr'>omnes</span> <span class='ocrx_word' id='word_1_132' title='bbox 740 2036 756 2073; x_wconf 86' lang='lat' dir='ltr'>a</span> <span class='ocrx_word' id='word_1_133' title='bbox 780 2017 853 2076; x_wconf 89' lang='lat' dir='ltr'>meis</span> 
     </span>
     <span class='ocr_line' id='line_1_23' title="bbox 168 2088 852 2173; baseline 0.009 -22"><span class='ocrx_word' id='word_1_134' title='bbox 168 2092 290 2151; x_wconf 86' lang='lat' dir='ltr'>inimicis</span> <span class='ocrx_word' id='word_1_135' title='bbox 311 2088 388 2151; x_wconf 86' lang='lat' dir='ltr'>faces</span> <span class='ocrx_word' id='word_1_136' title='bbox 408 2112 482 2151; x_wconf 87' lang='lat' dir='ltr'>meae</span> <span class='ocrx_word' id='word_1_137' title='bbox 505 2093 621 2153; x_wconf 88' lang='lat' dir='ltr'>invidiae</span> <span class='ocrx_word' id='word_1_138' title='bbox 647 2091 852 2173; x_wconf 76' lang='lat' dir='ltr'>subjiciantur3</span> 
     </span>
     <span class='ocr_line' id='line_1_24' title="bbox 169 2172 853 2257; baseline 0.009 -26"><span class='ocrx_word' id='word_1_139' title='bbox 169 2187 268 2231; x_wconf 81' lang='lat' dir='ltr'>tamen</span> <span class='ocrx_word' id='word_1_140' title='bbox 294 2174 377 2233; x_wconf 87' lang='lat' dir='ltr'>omni</span> <span class='ocrx_word' id='word_1_141' title='bbox 399 2174 429 2231; x_wconf 88' lang='lat' dir='ltr'>in</span> <span class='ocrx_word' id='word_1_142' title='bbox 451 2172 604 2233; x_wconf 90' lang='lat' dir='ltr'>hominum</span> <span class='ocrx_word' id='word_1_143' title='bbox 626 2193 725 2247; x_wconf 85' lang='lat' dir='ltr'>coetu,</span> <span class='ocrx_word' id='word_1_144' title='bbox 754 2179 853 2257; x_wconf 83' lang='lat' dir='ltr'>gratiis</span> 
     </span>
     <span class='ocr_line' id='line_1_25' title="bbox 167 2250 856 2334; baseline 0.015 -25"><span class='ocrx_word' id='word_1_145' title='bbox 167 2250 307 2332; x_wconf 79' lang='lat' dir='ltr'>agendis,</span> <span class='ocrx_word' id='word_1_146' title='bbox 324 2253 356 2312; x_wconf 70' lang='grc' dir='ltr'>ὃ(</span> <span class='ocrx_word' id='word_1_147' title='bbox 381 2255 616 2334; x_wconf 72' lang='lat' dir='ltr'>gratulationibus</span> <span class='ocrx_word' id='word_1_148' title='bbox 634 2255 795 2329; x_wconf 75' lang='lat' dir='ltr'>habendis,</span> <span class='ocrx_word' id='word_1_149' title='bbox 819 2257 856 2319; x_wconf 76' lang='grc' dir='ltr'>δι</span> 
     </span>
     <span class='ocr_line' id='line_1_26' title="bbox 167 2332 853 2396; baseline 0.006 -4"><span class='ocrx_word' id='word_1_150' title='bbox 167 2334 249 2392; x_wconf 91' lang='lat' dir='ltr'>omni</span> <span class='ocrx_word' id='word_1_151' title='bbox 269 2332 401 2393; x_wconf 88' lang='lat' dir='ltr'>sermone</span> <span class='ocrx_word' id='word_1_152' title='bbox 422 2335 624 2395; x_wconf 82' lang='lat' dir='ltr'>celebramur:</span> <span class='ocrx_word' id='word_1_153' title='bbox 641 2338 746 2395; x_wconf 81' lang='lat' dir='ltr'>omitto</span> <span class='ocrx_word' id='word_1_154' title='bbox 763 2333 853 2396; x_wconf 86' lang='lat' dir='ltr'><strong>Etru·</strong></span> 
     </span>
     <span class='ocr_line' id='line_1_27' title="bbox 166 2410 855 2485; baseline 0.006 -12"><span class='ocrx_word' id='word_1_155' title='bbox 166 2414 216 2473; x_wconf 79' lang='lat' dir='ltr'>riae</span> <span class='ocrx_word' id='word_1_156' title='bbox 230 2410 316 2472; x_wconf 83' lang='lat' dir='ltr'>festos</span> <span class='ocrx_word' id='word_1_157' title='bbox 330 2415 361 2472; x_wconf 91' lang='lat'><strong>&amp;</strong></span> <span class='ocrx_word' id='word_1_158' title='bbox 375 2413 474 2485; x_wconf 71' lang='lat' dir='ltr'>assos,</span> <span class='ocrx_word' id='word_1_159' title='bbox 493 2416 524 2473; x_wconf 91' lang='lat'>&amp;</span> <span class='ocrx_word' id='word_1_160' title='bbox 537 2413 679 2474; x_wconf 81' lang='lat' dir='ltr'>institutos</span> <span class='ocrx_word' id='word_1_161' title='bbox 691 2415 768 2476; x_wconf 80' lang='lat' dir='ltr'>dies:</span> <span class='ocrx_word' id='word_1_162' title='bbox 781 2437 855 2477; x_wconf 86' lang='lat' dir='ltr'>cen·</span> 
     </span>
     <span class='ocr_line' id='line_1_28' title="bbox 166 2492 856 2570; baseline 0 -14"><span class='ocrx_word' id='word_1_163' title='bbox 166 2493 269 2556; x_wconf 75' lang='lat' dir='ltr'>resima</span> <span class='ocrx_word' id='word_1_164' title='bbox 286 2492 334 2553; x_wconf 84' lang='lat' dir='ltr'>lux</span> <span class='ocrx_word' id='word_1_165' title='bbox 360 2492 400 2552; x_wconf 89' lang='lat' dir='ltr'>est</span> <span class='ocrx_word' id='word_1_166' title='bbox 421 2493 483 2552; x_wconf 86' lang='lat' dir='ltr'>haec</span> <span class='ocrx_word' id='word_1_167' title='bbox 496 2494 533 2552; x_wconf 87' lang='lat' dir='ltr'>ab</span> <span class='ocrx_word' id='word_1_168' title='bbox 553 2495 668 2554; x_wconf 85' lang='lat' dir='ltr'>interitu</span> <span class='ocrx_word' id='word_1_169' title='bbox 683 2493 714 2554; x_wconf 88' lang='lat' dir='ltr'>P.</span> <span class='ocrx_word' id='word_1_170' title='bbox 730 2495 856 2570; x_wconf 84' lang='lat' dir='ltr'>clodii,</span> 
     </span>
     <span class='ocr_line' id='line_1_29' title="bbox 169 2572 854 2656; baseline 0.004 -21"><span class='ocrx_word' id='word_1_171' title='bbox 169 2575 225 2648; x_wconf 90' lang='lat'>&amp;‚</span> <span class='ocrx_word' id='word_1_172' title='bbox 244 2573 491 2656; x_wconf 82' lang='lat' dir='ltr'>opinor,altera;</span> <span class='ocrx_word' id='word_1_173' title='bbox 507 2572 564 2655; x_wconf 74' lang='lat' dir='ltr'>qui</span> <span class='ocrx_word' id='word_1_174' title='bbox 583 2572 708 2634; x_wconf 84' lang='lat' dir='ltr'>finesim</span> <span class='ocrx_word' id='word_1_175' title='bbox 730 2579 854 2655; x_wconf 88' lang='lat' dir='ltr'>eriipo·</span> 
     </span>
     <span class='ocr_line' id='line_1_30' title="bbox 165 2599 855 2734; baseline 0.004 -20"><span class='ocrx_word' id='word_1_176' title='bbox 165 2657 227 2734; x_wconf 86' lang='lat' dir='ltr'>puli</span> <span class='ocrx_word' id='word_1_177' title='bbox 239 2656 364 2716; x_wconf 88' lang='lat' dir='ltr'>Romani</span> <span class='ocrx_word' id='word_1_178' title='bbox 375 2654 454 2728; x_wconf 88' lang='lat' dir='ltr'>sunt,</span> <span class='ocrx_word' id='word_1_179' title='bbox 469 2675 503 2716; x_wconf 88' lang='lat' dir='ltr'>ea</span> <span class='ocrx_word' id='word_1_180' title='bbox 518 2677 578 2714; x_wconf 88' lang='lat' dir='ltr'>non</span> <span class='ocrx_word' id='word_1_181' title='bbox 592 2655 684 2715; x_wconf 81' lang='lat' dir='ltr'>solbm</span> <span class='ocrx_word' id='word_1_182' title='bbox 699 2599 775 2716; x_wconf 67' lang='lat' dir='ltr'>sima</span> <span class='ocrx_word' id='word_1_183' title='bbox 789 2655 855 2734; x_wconf 82' lang='lat' dir='ltr'>jam</span> 
     </span>
     <span class='ocr_line' id='line_1_31' title="bbox 170 2733 853 2818; baseline 0.012 -28"><span class='ocrx_word' id='word_1_184' title='bbox 170 2733 208 2792; x_wconf 90' lang='lat' dir='ltr'>de</span> <span class='ocrx_word' id='word_1_185' title='bbox 234 2737 311 2810; x_wconf 90' lang='lat' dir='ltr'>illo,</span> <span class='ocrx_word' id='word_1_186' title='bbox 344 2737 394 2798; x_wconf 91' lang='lat' dir='ltr'>sed</span> <span class='ocrx_word' id='word_1_187' title='bbox 424 2739 511 2797; x_wconf 88' lang='lat' dir='ltr'>etiarn</span> <span class='ocrx_word' id='word_1_188' title='bbox 539 2735 632 2795; x_wconf 80' lang='lat' dir='ltr'>laeriria</span> <span class='ocrx_word' id='word_1_189' title='bbox 663 2740 853 2818; x_wconf 78' lang='lat' dir='ltr'>peragravit:</span> 
     </span>
     <span class='ocr_line' id='line_1_32' title="bbox 168 2815 852 2899; baseline 0.013 -28"><span class='ocrx_word' id='word_1_190' title='bbox 168 2815 378 2899; x_wconf 79' lang='lat' dir='ltr'>quamobrem,</span> <span class='ocrx_word' id='word_1_191' title='bbox 399 2816 449 2898; x_wconf 77' lang='lat' dir='ltr'>uhi</span> <span class='ocrx_word' id='word_1_192' title='bbox 474 2835 580 2897; x_wconf 74' lang='lat' dir='ltr'>eorpus</span> <span class='ocrx_word' id='word_1_193' title='bbox 601 2817 658 2880; x_wconf 89' lang='lat' dir='ltr'>boc</span> <span class='ocrx_word' id='word_1_194' title='bbox 681 2818 740 2894; x_wconf 80' lang='lat' dir='ltr'>sit,</span> <span class='ocrx_word' id='word_1_195' title='bbox 765 2838 852 2895; x_wconf 74' lang='lat' dir='ltr'>non,</span> 
     </span>
    </p>
   </div>
   <div class='ocr_carea' id='block_1_3' title="bbox 0 0 1068 3784">
    <p class='ocr_par' dir='ltr' id='par_1_6' title="bbox 0 0 1068 3784">
     <span class='ocr_line' id='line_1_33' title="bbox 0 0 1068 3784; baseline 0 3"><span class='ocrx_word' id='word_1_196' title='bbox 0 0 1068 3784; x_wconf 95' lang='lat' dir='ltr'> </span> 
     </span>
    </p>
   </div>
  </div>
 </body>
</html>
