2125 3784
345 328 658 402 urrunnu
691 332 749 406 Ila
808 347 887 426 209·

201 512 205 520 ⁵
240 444 290 524 do.
313 443 446 506 viuere
461 442 607 520 Thellalia
623 445 805 508 Brundisium
818 471 885 523 cum

192 523 532 610 legioniBusrevertisti:
550 526 590 585 ibi
605 547 726 588 menon
738 523 883 589 occidisti!

190 616 335 689 magnum
358 602 534 666 beneficium
553 626 563 679 3
585 605 707 688 potuiile
731 608 807 668 enim
836 607 882 685 fa-¹

190 702 282 748 teorz·
299 707 387 770 quam
408 706 475 746 uam
485 706 580 752 ‚nemo
603 704 807 761 marcorum,
829 690 879 827 pui

186 780 262 829 tunc
280 783 379 830 tecum
429 783 531 845 erunt,
554 766 602 848 qui
614 767 685 828 mihi
698 788 758 828 non
778 789 832 829 cen
846 789 881 828 e·

190 865 238 909 ret
261 849 342 929 parci
363 863 510 928 oportere.
535 845 633 907 Tanta
654 846 738 908 euim·
750 847 791 907 est
810 849 884 908 cari·

190 937 237 1001 tas
266 929 395 1009 patriae,
421 943 453 986 ut
475 923 575 989 vestris
605 927 693 988 etiarn
720 920 881 989 leonibus

190 1004 303 1079 sandius
322 1004 529 1089 essem‚‚qubd
549 1027 614 1067 eam
633 1028 651 1067 a
668 1011 717 1068 me'
748 1005 879 1083 ervatarri

193 1081 254 1148 elle
279 1083 479 1148 meminiss'ent.
507 1086 566 1148 Sed
592 1086 639 1147 fac
663 1088 693 1148 id
717 1092 747 1148 te'
771 1085 880 1149 dedisse

191 1166 280 1240 mihi,
293 1167 373 1262 quod
386 1188 450 1228 non
462 1156 591 1226 ademisti
603 1187 613 1239 ;
632 1186 739 1249 meque
752 1188 768 1226 a
782 1171 812 1229 te
826 1169 878 1227 ha·

191 1235 262 1323 bere
280 1265 389 1321 vrtam,
409 1267 474 1328 quae
491 1262 554 1306 ate
568 1265 627 1305 non
647 1249 681 1306 sit
703 1264 821 1327 erepta:
842 1248 878 1308 li·'

190 1326 289 1389 cuitne
307 1327 376 1387 mihi
390 1347 445 1408 per
460 1336 523 1387 tuas
541 1326 733 1386 contumelias
747 1326 805 1387 hoe
820 1328 878 1391 be·

189 1403 327 1469 aeficium
342 1406 383 1467 aic
400 1407 500 1479 tueri,
521 1413 553 1466 ut
572 1406 674 1465 tuebar
691 1426 701 1479 ;
721 1405 878 1487 prasertim

189 1507 281 1570 quum
302 1505 332 1547 to
349 1483 411 1547 haec'
428 1486 592 1546 auditurum
608 1483 744 1546 videres?

228 1565 344 1627 XXV.
371 1565 486 1628 Venisti
503 1564 686 1626 Brundisium
706 1609 717 1638 ,
734 1568 764 1624 in
783 1565 877 1627 sinum

228 1646 310 1707 idem
339 1645 372 1707 &
399 1647 429 1705 in
453 1646 640 1726 complexum
659 1661 716 1705 tuae
740 1645 877 1707 mimulae.

186 1666 274 1869 quid
292 1723 333 1788 est
349 1724 361 1785 i
380 1746 450 1785 num
467 1725 617 1785 mentior?
640 1723 724 1804 quim
742 1721 876 1785 miserum

187 1825 206 1868 e
250 1807 280 1866 id
300 1825 408 1887 negare
419 1825 484 1885 non
503 1802 604 1891 polle,
622 1805 702 1887 quod
720 1804 756 1864 sit
772 1806 877 1885 turpis·

186 1887 294 1948 simum
311 1880 465 1946 confiteri?
483 1880 512 1945 Si
526 1903 556 1946 te
572 1884 794 1966 municipiorum
812 1886 875 1946 noti

186 1966 317 2050 pudebat
335 1986 344 2039 ;
363 1986 402 2026 ne
420 1967 552 2028 veterani
572 1965 689 2046 quidem
708 1962 873 2025 exercitiis?

186 2048 252 2129 quis
271 2047 348 2110 euim
362 2045 449 2125 ¹miles
464 2040 520 2106 fuit
536 2092 546 2121 ,
562 2047 611 2140 qui
629 2045 771 2106 Brundisii
790 2043 871 2105 illam

187 2147 251 2188 non
272 2126 402 2188 viderit?
466 2127 513 2199 is,
537 2148 587 2207 qur
610 2117 741 2188 nescierit
760 2122 870 2194 venillo

187 2225 256 2268 eam
282 2207 332 2268 tibi
356 2223 403 2267 tot
447 2203 540 2267 lerum
563 2207 641 2267 viam
668 2205 870 2288 gratulatum?
907 2229 910 2236 ·

186 2286 276 2368 quis,
296 2283 425 2369 quinon
449 2286 632 2361 indoluerit,
651 2304 710 2346 tam
728 2284 792 2345 sero
814 2282 843 2343 se
860 2324 872 2355 ,

186 2386 275 2449 quem
288 2367 437 2429 hominem
449 2364 561 2428 secutus
575 2363 659 2440 esset,
672 2363 869 2446 cognoscere?

229 2446 278 2507 62.
297 2445 393 2507 'ltalia
407 2445 496 2507 rursus
513 2445 683 2525 percursatio
699 2445 803 2504 eadem
817 2463 870 2501 co·

184 2525 258 2591 mite
272 2527 377 2586 numa:
394 2529 422 2585 in
436 2526 546 2607 oppida
560 2527 681 2585 militum
698 2523 820 2584 crudelis
835 2521 869 2582 ὅ(

183 2605 286 2669 misera
310 2605 463 2669 dedudlio:
485 2609 515 2668 in
537 2606 608 2665 urhe
629 2605 710 2676 auri,
733 2601 846 2739 arpenti
858 2644 869 2673 ‚

182 2684 368 2769 maximdque
388 2689 470 2760 vini,
493 2685 574 2744 foeda
595 2683 730 2763 direptio.
787 2698 871 2738 cces-

183 2767 243 2839 εῖῐ,
262 2782 312 2840 ut,
335 2764 447 2829 Caesare
469 2769 478 2825 i
499 2781 570 2828 nato
590 2807 600 2838 ,
619 2782 708 2842 quum
727 2759 778 2849 ille
798 2753 870 2820 ess'et

183 2786 871 2922 Alexandriaestmuedcioamicorumelusma·
