2125 3784
256 440 307 518 30
454 417 685 488 Onnrto

296 551 322 610 3.
342 532 549 613 Quamobrem
561 534 609 595 illa
623 555 721 606 arma,
735 532 943 605 centuriones,>

253 615 391 675 cohortes
402 661 412 690 ‚
425 636 487 676 non
499 616 659 697 periculum
673 614 777 686 nohis·,
795 612 845 673 sed
863 635 943 694 prae-

251 693 357 754 sidium
379 695 551 756 denuntiant
562 716 572 769 ;
588 714 684 777 neque
703 694 795 755 solinn
807 739 817 766 ,
830 711 862 754 ut
875 697 942 776 qui·

224 824 226 826 .
251 791 333 850 ¹eto,
354 773 405 836 sed
420 779 508 838 etiam
529 794 562 836 ut
583 796 693 858 magno
705 776 804 836 animo
825 777 913 836 simus
927 820 941 848 ,

252 855 425 930 hortantur3
444 874 540 938 neque
558 857 693 917 auxilium
715 855 808 916 modo
831 855 941 917 defen-

251 939 327 997 sioni
344 958 439 1010 meae‚
455 941 559 998 verim
581 939 668 998 etiam
684 938 828 998 silentium
851 937 940 1017 polli-

253 1035 366 1077 centur.
384 1018 508 1100 Reliqua
521 1020 595 1080 vero
609 1019 786 1090 multitudo,
801 1038 865 1097 quae
876 1020 940 1099 qui·

254 1097 323 1158 dem
342 1095 383 1171 est
401 1100 508 1158 civium
526 1143 536 1172 ‚
554 1114 617 1159 tota
640 1097 737 1158 nostra
755 1097 796 1159 est
812 1119 822 1171 3
843 1118 938 1180 neque

255 1198 357 1241 eorum
372 1178 539 1260 quisquam,
574 1198 627 1239 uos
637 1179 764 1260 undique
775 1179 938 1253 intuentes,

250 1259 331 1318 nnde
351 1260 444 1339 aliqua
466 1281 532 1342 pars
553 1201 609 1318 ἓοτί
630 1257 734 1340 adspici
755 1257 879 1340 potest,
905 1260 938 1320 &

251 1336 335 1416 hujus
355 1341 463 1399 exitum
480 1337 578 1420 judicii
595 1338 790 1421 exspeflantes
809 1338 937 1413 videtis,

250 1439 313 1478 non
329 1440 418 1499 quum
437 1422 535 1481 virtuti
554 1419 675 1480 Milonis
695 1418 797 1492 favet,
815 1434 878 1479 tum
900 1419 937 1483 de

249 1499 301 1573 se,
320 1501 357 1560 de
376 1500 473 1562 liberis
486 1499 560 1576 suis,
575 1501 613 1564 de
633 1502 744 1581 patria3
765 1500 802 1562 de
815 1497 940 1563 fortunis.

252 1580 399 1643 hodierno
422 1581 468 1644 die
484 1581 626 1643 decertari
645 1598 736 1663 putat.

291 1660 339 1721 ΙΙ.
367 1662 467 1722 Unum
487 1683 578 1743 genus
600 1660 640 1721 est
656 1661 827 1732 adversum,
848 1659 938 1721 infes-

250 1756 372 1820 tumque
387 1743 493 1814 nobis,
508 1761 629 1812 eorum,
646 1761 720 1820 quos
732 1741 765 1797 P.
773 1739 878 1800 Clodii
888 1741 938 1801 fu-

249 1838 300 1878 ror
317 1822 441 1900 rapinis,
461 1820 493 1880 &
505 1819 664 1891 incendiis,
679 1820 711 1878 &
725 1820 860 1877 omnibus
874 1824 938 1882 exi·

249 1902 296 1959 tiis
310 1901 429 1980 publicis
444 1903 526 1980 pavit
534 1900 603 1981 yqui
620 1896 752 1959 hesterni
764 1900 851 1958 etiam
863 1921 938 1963 con·

250 1983 336 2040 cione
360 1983 467 2038 incitati
485 1979 548 2038 sunt
569 2025 578 2052 ,
597 1997 629 2038 ut
648 1978 735 2040 vobis
753 1999 830 2039 voce
850 1984 937 2060 praei·

248 2077 334 2131 rent,
355 2059 424 2139 quid
441 2057 628 2136 judicaretis:
650 2079 775 2139 quorum
795 2059 906 2120 clamor
923 2107 934 2136 ,

248 2140 271 2196 si
290 2139 353 2219 quis
370 2137 446 2197 forti
466 2137 574 2211 fuerit,
595 2139 754 2200 admonere
767 2161 823 2200 vos
845 2141 934 2202 debe·

247 2218 311 2288 bit,
328 2235 360 2276 ut
374 2239 439 2278 eum
459 2222 555 2278 civem
573 2223 738 2291 retineatis,
757 2224 805 2300 qui
820 2219 936 2302 semper

246 2317 337 2380 genus
353 2298 422 2360 illud
439 2300 612 2374 hominum,
631 2301 827 2382 clamoresque
840 2307 933 2361 maxi-

246 2399 312 2438 mos
336 2399 390 2458 pro
413 2379 508 2440 vestra
531 2380 620 2442 salute
644 2383 781 2463 neglexit.
812 2381 953 2462 Quam·'

245 2459 350 2520 obrem
372 2458 469 2524 adeste
487 2463 609 2534 animis,
629 2462 764 2536 Judices,
786 2463 817 2523 &
838 2465 932 2524 timo-

244 2561 329 2614 rem,
341 2542 363 2600 si
376 2562 464 2623 quem
477 2542 589 2603 habetis
601 2587 610 2616 ‚
632 2543 783 2624 deponite.
798 2542 893 2618 Nam,
908 2547 932 2606 si

247 2628 386 2703 umquam
398 2623 435 2683 de
448 2624 531 2684 bonis
545 2624 576 2688 &
588 2623 710 2685 fortibus
726 2627 813 2697 viris;
833 2628 856 2685 si
869 2647 933 2684 um·
951 2667 958 2678 ·

248 2722 335 2780 quam
346 2704 383 2763 de
391 2704 468 2766 bene
476 2707 585 2765 meritis
594 2706 702 2765 civibus
711 2703 837 2785 potestas
844 2707 934 2766 vobis.

245 2778 391 2859 judicandi
408 2785 462 2845 fuit
480 2808 489 2859 ;
509 2787 532 2844 si
549 2784 673 2866 denique
693 2806 829 2866 umquam
846 2787 931 2847 locus

245 2862 485 2939 amplissimorum
495 2864 628 2925 ordinum
639 2865 755 2943 deleftis
765 2869 833 2927 viris
846 2869 927 2935 datus

246 2937 506 3022 est‚ubisuastudia
515 2965 583 3028 erga
593 2944 928 3022 fortes&bonoscives;
