2125 3784
299 273 395 326 uno
417 255 648 326 Marone.
777 258 827 351 65

136 366 250 431 credita
270 385 353 443 ;·nec
371 371 438 432 ante
455 370 608 452 repudiata
634 369 719 445 sunt,
739 367 829 452 quim

139 452 269 530 quaesita.
702 462 722 489 ⁵

181 530 230 611 65.
242 529 414 590 Laudabam
425 528 561 610 equidem
572 529 768 592 incredibilem
781 530 830 591 di·

136 609 289 690 ligentiam
300 609 360 671 Cn.
376 608 526 690 Pompeii,
539 609 587 671 sed
601 610 750 685 dicam‚ut
762 609 831 672 sen·

135 692 203 764 tio,
224 691 366 762 ludices3
382 692 464 751 nimis
486 691 575 751 multa
596 693 694 752 audire
713 712 828 774 cogun-

136 786 207 846 tur,
223 790 320 850 neque
335 772 416 833 aliter
430 770 527 832 facere
540 769 655 852 possunt
669 774 708 842 ii,
725 773 828 852 quibus

135 866 202 909 tota
224 849 370 910 commissa
391 849 430 912 est
450 851 619 931 respublica.
643 851 840 932 Quinetiam.

138 929 228 990 suerit
257 931 416 992 audiendus
441 952 520 1012 popa
549 930 699 1006 Licinius,
730 931 828 994 nescio

137 1011 223 1090 quis,
246 1010 283 1071 de
310 1014 387 1073 circo
414 1014 565 1084 maxim0‚
590 1010 689 1073 servos
710 1012 832 1072 Milonis

140 1091 219 1169 apud
230 1089 260 1152 se
272 1092 368 1153 ebrios
378 1090 469 1152 salios
481 1136 491 1166 ‚
506 1092 561 1151 sibi
571 1091 715 1152 confessos
726 1090 783 1152 esse
794 1092 832 1153 de

141 1169 340 1232 interficiendo
351 1170 496 1252 Pompeio
515 1170 676 1250 conjurasse
692 1192 701 1243 ;
723 1170 831 1232 deinde

139 1249 243 1330 postea
264 1249 293 1319 se
313 1251 411 1334 gladio
437 1248 601 1332 perculsum
627 1251 682 1312 esse
705 1253 742 1312 ab
769 1272 828 1315 uno

139 1330 177 1392 de
195 1330 270 1403 illis,
287 1352 325 1393 ne
344 1331 498 1392 indicaret.
518 1329 665 1412 Pompeio
678 1334 707 1391 in
727 1332 831 1393 hortos

135 1412 292 1471 nuntiavit.
313 1409 451 1471 Atcell'or
469 1413 500 1469 in
519 1412 641 1489 primis:
662 1411 699 1470 de
718 1413 831 1469 amico·

136 1511 204 1549 rum
215 1490 360 1553 sententia
375 1509 439 1549 tem
451 1488 547 1546 desert
559 1490 596 1545 ad
611 1489 751 1547 senatum.
762 1487 834 1550 Nou

136 1585 279 1650 poteram
297 1570 327 1626 in
348 1567 423 1626 illius
441 1567 520 1637 mei,
538 1567 695 1647 patriaeque
710 1565 833 1633 custodis

138 1667 224 1709 tanta
241 1645 401 1728 suspicione
420 1667 480 1705 non
499 1663 579 1706 metu
598 1647 830 1710 exanimarizsed

136 1729 265 1790 mirabar
289 1745 388 1788 tamen
410 1725 488 1787 credi
509 1746 596 1807 popae
620 1726 834 1791 :ebriosorum

137 1807 356 1872 consessionem
372 1805 523 1868 servorum
543 1807 634 1866 audiri
650 1828 658 1866 t
678 1809 782 1869 vulnus
797 1812 827 1871 iu

137 1889 249 1963 latere,
266 1888 347 1969 quod
361 1908 416 1948 acu
428 1885 566 1969 pundium
582 1887 753 1963 videretur,
771 1909 828 1970 pto

137 1969 196 2029 itin
232 1968 379 2029 ladiatoris
397 1967 522 2049 probari.

181 2049 200 2110 6
223 2093 232 2110 .
250 2049 385 2123 Verum,
403 2065 434 2107 ur
450 2047 601 2130 intelligo,
619 2049 742 2110 cavebat
758 2070 825 2110 ma·

139 2130 185 2210 gis
192 2127 371 2210 Pompeius,
390 2127 477 2209 quim
495 2129 637 2202 timebat,
654 2152 714 2190 non
733 2151 766 2191 ea
780 2131 828 2192 so-

138 2211 223 2284 lium,
236 2231 300 2290 quae
310 2209 441 2269 timenda
453 2226 553 2282 erant,
564 2208 615 2270 sed
628 2213 748 2271 omnino
760 2232 827 2271 om·

139 2291 209 2364 nia,
232 2310 270 2350 ne
287 2287 393 2369 aliquid
406 2309 463 2350 vos
477 2291 627 2352 timeretis.
649 2288 827 2373 Oppugnata

140 2369 248 2433 domus
262 2368 300 2433 C.
316 2367 455 2440 Caesaris,
474 2369 663 2434 clarissimi&
679 2371 827 2431 fortissimi

140 2451 217 2521 viri,
234 2469 286 2530 per
299 2449 405 2511 multas
418 2448 509 2510 nodis
523 2450 610 2510 horas
623 2453 824 2509 nuntiabatur:

138 2549 232 2589 nemo
254 2529 380 2590 audierat
400 2547 459 2588 tarn
485 2530 595 2591 celebri
616 2528 708 2600 loco,
737 2548 826 2594 nemo

137 2606 283 2671 senserat:
299 2624 397 2670 tamen
409 2608 587 2669 audiebatur.
607 2605 677 2664 Non
691 2624 825 2687 poteram

139 2687 201 2749 Cn.
214 2687 405 2769 Pompeium,
417 2685 647 2769 praestantissimd
658 2688 764 2750 virtute
775 2691 825 2749 vi-

139 2790 223 2848 tum,
238 2770 373 2836 timidum
389 2767 539 2850 suspicari:
554 2768 727 2852 diligentiam
738 2815 751 2845 ‚
761 2771 823 2832 toti
