2125 3784
296 350 607 429 Prrrrrrrrcr
646 351 750 425 XII.
798 367 886 450 433-

183 465 266 532 trieri
284 467 313 531 se
330 489 369 531 tre
378 471 434 552 ipsi
447 468 565 552 qiidem
581 468 697 531 volunt.
723 464 783 529 Sed
802 488 880 550 quo·

185 564 260 610 nam
276 550 371 612 modo
392 551 538 632 accipient
558 549 742 613 severitatem
758 548 879 610 meam?

186 629 282 701 muita
301 633 380 693 enim
396 629 465 692 salsa
481 631 518 693 dc
533 650 583 693 me
600 632 771 705 au'dierutrt;
789 630 883 692 multa

187 708 229 769 ari
238 710 299 771 ''eos
309 710 623 792 improbi-detulerunt
632 742 645 788 ,·
657 730 781 794 quorum
798 731 883 776 com·¹

187 791 302 864 moda,
321 809 356 852 ut
370 798 427 854 vo't
439 793 544 874 optimi
557 791 647 854 ¹testes
664 790 748 864 estis,
766 789 884 873 sempev

185 890 250 953 ego
272 871 444 947 sententia,
467 872 656 949 auctoritate,
677 873 811 935 oratione
830 871 880 933 fir·

187 954 287 1013 mavi:
301 951 351 1013 sed
364 952 485 1014 credunt
497 956 662 1036 improbis,
681 952 804 1014 credunt
819 967 880 1014 tut·

188 1031 337 1107 ludentis,
357 1034 478 1095 credunt
499 1033 565 1095 suis.
584 1034 656 1096 Sunt
675 1052 773 1095 autem
786 1032 879 1096 fortes

187 1112 232 1173 illi
252 1113 400 1195 quidem,
419 1114 471 1176 sed
489 1131 613 1197 propter
633 1116 805 1175 memoriam
827 1135 879 1176 re·-

187 1214 278 1266 rum,
297 1214 368 1276 quas
380 1191 546 1279 gesserunt,
561 1217 615 1275 pro
629 1196 731 1277 populi
748 1194 878 1255 Romani

188 1274 325 1336 iibettate
344 1275 379 1335 &
400 1275 499 1355 salute?
510 1277 675 1356 reipublicae
691 1277 775 1335 nimis
796 1275 879 1337 fero·

187 1373 241 1414 ces
250 1399 262 1427 ,
280 1355 314 1431 βε
331 1353 369 1416 ad
381 1353 463 1443 suam
478 1357 542 1416 vim
555 1357 653 1417 omnia
669 1354 765 1427 nostra
777 1359 879 1417 consi·

188 1434 229 1495 lia
252 1446 444 1501 revocantes..
462 1436 578 1499 Horum
602 1456 660 1521 ego
684 1438 879 1519 cogitationes

188 1535 254 1578 non
271 1536 398 1580 vereor:
413 1520 558 1600 impetum
570 1515 754 1598 pertimesco.

233 1613 283 1676 30.
307 1596 381 1659 Haec
391 1602 516 1681 quoque
532 1597 660 1680 pericula
676 1613 755 1659 tanta
767 1599 791 1657 si
805 1595 880 1658 essm·

188 1697 287 1760 gero,
301 1676 402 1763 satisne
417 1695 513 1749 tutum
530 1678 655 1741 reditum
668 1680 774 1760 putatis
790 1676 878 1741 fore?

187 1778 281 1841 quum
298 1761 377 1820 enim
394 1760 429 1820 &
444 1758 541 1822 vestri
553 1756 743 1833 armoricae,
756 1759 790 1821 &
805 1779 878 1820 meo

189 1857 241 1900 me
256 1859 341 1902 more
358 1839 543 1917 defendero,
560 1839 593 1902 &
605 1861 703 1903 meam
718 1839 807 1902 fidem
822 1841 882 1907 rei-¹

189 1919 314 2002 publicae
333 1919 585 2005 constantiamque
602 1924 787 2004 praestitero,
811 1937 878 1982 tum

188 2017 277 2062 erunt
287 2002 356 2063 mihi
366 2025 427 2065 non
439 2000 469 2064 tri
480 2003 594 2101 spiirm,
607 2005 657 2086 qni
668 2023 717 2065 me
731 2002 877 2077 oderunt,

189 2079 242 2143 sed
256 2083 297 2143 illi
308 2085 416 2158 etiam,
432 2087 481 2165 qui
492 2084 645 2160 invident,
658 2083 879 2146 extimescendi.

189 2160 378 2226 custodiatur
402 2166 488 2248 igitur
509 2183 577 2226 mea
603 2166 664 2227 vita
688 2166 880 2247 reipublicae,¹

188 2262 304 2326 eaque,
315 2245 413 2327 quoad
429 2246 480 2308 vel
495 2246 637 2328 dignitas,
651 2245 701 2306 vel
711 2263 812 2306 tratura
822 2266 880 2327 pa·¹

189 2324 299 2400 rietur,
317 2329 417 2408 patriae
432 2324 608 2388 reservetur.
617 2346 697 2385 mors
708 2342 808 2386 autern
821 2339 881 2386 rre-'

189 2408 358 2466 cessitatem
373 2408 479 2469 habeat
489 2406 561 2482 sati,
574 2421 643 2480 aut,
658 2407 681 2465 si
695 2405 762 2467 ante
780 2423 881 2489 oppe-⁴

191 2485 283 2548 tenda
296 2485 340 2547 est
350 2532 359 2558 ,
370 2505 526 2568 oppetatur
541 2508 608 2548 cum
621 2486 724 2567 gloria·

233 2566 306 2626 Haec
328 2587 420 2646 quum
434 2570 474 2627 ita
490 2570 569 2638 sint,
588 2568 644 2626 etsi
659 2566 733 2625 hanc
751 2565 881 2647 legatioi

192 2666 263 2710 nem
282 2644 460 2727 respublica,
476 2663 509 2707 ut
521 2644 667 2706 levissime
685 2644 800 2718 dicam,
813 2665 877 2707 non

190 2727 358 2800 desiderat3
370 2741 488 2801 tamen,
505 2727 530 2786 si
539 2727 604 2785 tuto
619 2723 718 2785 licebit
731 2726 795 2799 ire,
808 2745 878 2807 pro·

191 2806 300 2870 ficiscar
308 2828 318 2867 ·:
332 2808 453 2867 omnino
462 2853 473 2880 ,
483 2805 583 2868 Patres
595 2803 747 2886 conscripti
756 2850 774 2879 ,,
782 2821 880 2868 totum

189 2886 310 2971 hujusce
330 2889 373 2949 rei
391 2889 544 2954 consilium
556 2908 618 2955 non
641 2885 771 2974 periculo
785 2907 879 2972 meo.¹

235 2973 335 3038 Tarus
350 2975 385 3039 V
382 2973 400 3034 Ι
403 2973 430 3037 1.
724 2964 756 3038 Τ,
