2125 3784
311 309 750 397 rursiam-Vr.
805 332 885 412 με

186 423 244 495 ,Ne
265 430 375 514 legatos
388 434 508 515 quidem
526 428 776 527 exspediabimus?
795 424 886 507 Istam

186 513 274 583 ‚certe
293 531 429 586 vocem,
457 512 728 593 simulationemque
748 511 845 593 etone·

184 594 241 653 -riae
253 593 449 673 ‚extorquebit
468 595 501 652 iis
517 613 563 653 res
578 591 638 674 ipsa
651 592 781 752 &blica
807 533 886 675 Quid

193 676 304 748 etiam,
324 691 355 732 ut
372 670 514 734 confitear
527 673 635 747 vobis,
704 673 802 747 irires,
823 675 885 733 mi·

184 757 248 821 ‚nius
265 753 410 814 hodierno
428 752 475 814 die
487 753 645 826 contendi,
661 755 755 813 minius
767 748 884 815 labora-

190 837 250 908 vi,
270 851 302 895 ut
324 834 395 909 mihi
414 831 526 896 senatus
551 831 705 896 ass'entiens
725 834 882 917 tumultum

192 915 366 985 decerneret
376 934 394 989 ,χ
404 913 431 987 sa
489 916 560 975 sumi
574 912 711 995 juberet:
729 914 884 999 malui'vir

214 997 267 1056 'nti
293 994 393 1056 diebus
412 936 477 1078 piit
500 994 673 1057 senteutiam
696 1016 794 1057 meam
813 996 882 1057 lau-

216 1077 257 1137 ari
280 1075 316 1136 ab
338 1077 502 1152 omuibus,
524 1075 612 1158 quam
633 1098 651 1139 a
669 1078 767 1158 paucis
792 1072 884 1141 lt'odie

192 1159 363 1239 vituperari.
701 1204 704 1235 :
885 1158 889 1166 '

238 1257 286 1316 ¹7·
311 1236 526 1320 Quapropter,
547 1234 701 1317 Quirites,
718 1234 884 1320 exspeiiat'e

192 1317 358 1401 legatorum
373 1319 519 1392 reditum,
541 1319 575 1378 δι
592 1339 751 1398 paucorum
769 1319 884 1397 dierum

191 1400 355 1463 molestiam
371 1399 532 1461 devorate:
551 1399 601 1478 qui
612 1419 701 1478 quum
718 1400 879 1476 redierint,

193 1482 218 1542 si
236 1500 341 1562 pacem
358 1477 501 1554 afferent,
521 1478 661 1560 cupidum
677 1499 726 1539 me
743 1499 753 1552 ;
771 1481 794 1539 si
813 1479 884 1565 belf

184 1561 283 1636 -lum',
304 1560 462 1642 providum
477 1556 649 1639 judicatote.
670 1558 721 1619 An
739 1578 798 1640 ego
819 1580 884 1623 non

192 1641 370 1724 provideam
387 1641 460 1700 meis
475 1638 610 1701 civibus?
632 1660 693 1701 non
709 1638 793 1715 dies,
808 1661 884 1717 noc·

183 1720 294 1804 'resque
312 1721 350 1782 de
371 1717 465 1782 vestra
480 1721 636 1796 libertate,
656 1720 694 1783 de
715 1719 883 1803 reipublicae

192 1801 283 1864 salute
308 1797 467 1884 cogitem?
491 1800 575 1881 Quid
595 1801 674 1863 enim
696 1796 757 1861 non
782 1802 883 1864 debeo

191 1884 300 1956 vobis,
319 1881 471 1962 Quirites,
481 1902 570 1964 quem
583 1903 641 1942 vos
657 1880 839 1943 hominem'a
849 1882 882 1967 se

183 1981 310 2037 ortum,
333 1962 498 2036 hominibus
518 1962 725 2036 nobilissimis,
744 1965 884 2027 omnibus

192 2044 354 2107 honoribus
374 2040 553 2124 praetulistis?
577 2041 629 2103 An
646 2044 774 2126 ingratus
791 2043 882 2106 sum?

214 2128 257 2186 uis
279 2123 395 2186 minius?
419 2125 486 2206 qui,
505 2125 595 2206 partis
606 2124 787 2201 honoribus,
810 2147 882 2189 eos·

181 2268 187 2277 ,
233 2227 263 2267 tn
345 2207 396 2266 i-in
408 2203 476 2266 foro
487 2205 624 2279 labores,
641 2227 715 2288 quos
729 2207 759 2264 in
773 2225 882 2288 peten-
957 2222 960 2228 '

184 2287 249 2357 dis.
293 2285 403 2352 udisin
417 2285 583 2367 republica?
618 2286 659 2346 uis
673 2286 878 2362 exercitatior,

179 2370 244 2450 .qui
261 2368 364 2449 viginti
381 2362 442 2446 jam
459 2386 553 2429 anuos
570 2366 608 2428 be
695 2387 882 2451 gerantxcutn

194 2451 236 2511 im
258 2449 291 2508 iis
309 2445 444 2523 civibus?

235 2470 319 2589 ill.
341 2525 732 2609 Quamobrem,Quirites‚
746 2530 885 2606 consilio,

191 2626 333 2693 quantum
346 2625 476 2691 potero,
496 2608 598 2669 labore
611 2609 676 2689 plus
692 2628 769 2689 pene
789 2609 880 2692 quim

178 2754 183 2761 ,
216 2708 327 2766 otero,
348 2687 524 2762 excubabo,
543 2689 732 2770 vigilaboque
748 2709 802 2770 pto
820 2712 884 2753 vo·

192 2713 258 2834 iis:
281 2774 392 2843 etenim
406 2771 469 2852 quia
486 2767 528 2830 ell
542 2770 614 2830 civis
624 2813 637 2844 ,
648 2767 806 2851 prasertim
819 2770 882 2835 boc

193 2852 311 2938 gradu,
333 2873 392 2937 quo
415 2870 464 2916 me
487 2866 544 2919 vos
564 2847 622 2916 elle
641 2847 770 2919 voluistis
788 2897 799 2931 ,
818 2871 884 2916 tant

646 2928 765 3012 „Oa

874 3268 970 3393 Ι
