2125 3784
184 339 237 414 54
277 339 288 394 ·,
406 315 631 384 ORATIO

183 434 236 502 tis,
251 427 390 492 Clodium
406 432 460 491 sibi
473 429 590 503 dixiffe‚
604 430 635 490 &
650 423 781 500 audistis,
793 426 867 488 vivo

184 508 314 584 clodio,
333 515 492 592 periturum
512 511 659 572 Milonem
679 505 869 588 triduozpost

184 591 263 651 diem
274 595 391 651 tertium
405 593 483 674 gesta
499 612 546 652 res
565 590 626 666 est,
643 588 730 672 quim
745 588 869 648 dixerat.

187 670 290 750 Quum
316 673 365 734 ille
388 694 449 734 non
468 673 611 733 dubitaret
639 671 774 752 aperire,
800 669 870 750 quid

184 756 348 876 cogitgreu
369 775 424 816 vos
442 751 560 836 potestis
577 751 729 822 dubitare,
743 748 813 831 quid
826 748 870 811 fe·

182 850 278 894 terit.

225 912 342 974 XVIL
390 913 619 976 uemadmodum
630 914 714 994 igitur
725 930 794 972 eum
806 909 869 972 dies

183 1013 245 1053 non
262 993 381 1056 fefellit.
409 995 500 1054 dixie
542 995 621 1054 'dem
643 992 746 1052 modi).
768 988 870 1050 Ditta·

182 1075 254 1133 toris
274 1074 415 1135 Lanuvini
431 1016 648 1136 stataiiirificia
661 1070 760 1143 nosse,
774 1090 869 1153 nego·

182 1156 215 1214 tii
239 1156 310 1216 nihil
338 1172 399 1216 erat
417 1176 425 1213 ε
446 1155 520 1216 vidit
546 1150 660 1216 necesse
688 1151 745 1214 effe
761 1149 870 1212 Miloni

182 1233 322 1313 proficisci
342 1235 506 1297 Lanuvium
528 1236 579 1296 iiio
597 1231 688 1316 ipso,
711 1252 770 1316 quo
795 1253 869 1313 pro·

183 1313 273 1375 setius
291 1313 352 1389 est,
371 1317 436 1378 die:
451 1318 548 1397 itaque
565 1317 728 1377 antevertit
753 1310 797 1371 At
808 1333 871 1394 quo

79 1450 81 1458 .
183 1395 254 1456 die?
273 1418 357 1478 quo,
370 1415 401 1457 ut
419 1398 487 1456 ante
506 1397 585 1470 dixi,
603 1393 778 1455 insanissima
798 1414 870 1454 con·

138 1492 145 1513 ·
185 1478 232 1537 cio
242 1477 279 1538 ab
292 1481 380 1560 ipsius
392 1481 572 1539 mercenario
591 1476 707 1539 tribuno
724 1474 818 1556 plebis
830 1471 872 1534 est

145 1586 160 1615 ·.
174 1557 346 1620 'concitataz
360 1580 447 1640 quem
466 1559 545 1620 diem
558 1559 628 1632 ille,
646 1579 733 1640 quam
752 1557 871 1649 cencio·
898 1568 901 1574 ’

183 1637 873 1799 iiffitsqtss’ssfssssisstzssi’„tssqz‘ifffitz‘tffl
903 1789 906 1794 ,

183 1797 235 1869 set·
267 1798 346 1882 Ergo
365 1799 406 1860 illi
433 1817 470 1857 ne
495 1794 576 1856 causa
601 1795 720 1875 quidem
739 1794 871 1869 itineris,

184 1884 273 1940 etiam
310 1879 391 1939 causa
414 1876 573 1947 manendi3
598 1874 705 1934 Miloni
734 1876 872 1935 manendi

184 1960 262 2018 nulla
283 1957 423 2030 facultas,
442 1957 567 2016 exeundi
588 1976 648 2015 non
665 1953 745 2015 causa
759 1955 870 2028 solim,

182 2036 233 2097 sed
264 2040 350 2096 etiam
375 2038 530 2096 necessitas
555 2034 618 2096 fuit.
647 2035 748 2117 Quid,
771 2037 814 2108 si,
839 2053 871 2096 ut

182 2118 233 2177 iile
252 2116 354 2188 scivit,
374 2117 520 2177 Milonem
539 2115 603 2177 fore
624 2138 661 2176 eo
685 2117 732 2178 die
753 2117 782 2175 in
803 2119 870 2189 via,

183 2200 224 2257 sic
254 2197 393 2321 §iodim
417 2197 493 2260 Milo
522 2217 560 2261 ne
591 2197 722 2282 suspicari
751 2196 872 2280 quidem

206 2296 296 2339 otuit.

183 2299 203 2360 P
223 2359 272 2434 46.
291 2358 418 2419 Primim
432 2381 530 2440 quaero
543 2404 553 2430 ‚
568 2361 619 2440 qui
638 2357 707 2417 scite
721 2362 870 2437 potuerit;

182 2441 264 2524 quod
288 2461 343 2500 vos
364 2441 444 2500 idem
466 2443 496 2500 in
518 2438 628 2500 Clodio
650 2459 779 2521 quaerete
808 2459 870 2499 non

205 2521 303 2582 otestis
319 2542 327 2581 t
346 2538 378 2582 ut
402 2525 480 2582 enim
511 2524 660 2584 neminem
688 2520 796 2592 alium,
817 2521 871 2578 nisi

216 2603 387 2676 .Patinam‚
411 2601 661 2664 familiarissimum
686 2599 789 2671 suum,
818 2620 870 2657 ro·

184 2681 294 2762 gustet,
312 2682 383 2745 scire
399 2686 517 2763 potuit,
538 2683 589 2742 illo
601 2680 663 2762 ipso
687 2680 733 2740 die
748 2679 871 2739 Lanuvii

185 2783 201 2821 a
215 2761 354 2825 ditiatote
366 2764 482 2825 Milone
495 2763 582 2843 prodi
594 2762 739 2822 flaminem
755 2758 872 2821 neceffe

186 2837 265 2902 effe:
286 2841 337 2904 sed
362 2845 444 2906 erant
470 2843 606 2928 permulti
624 2840 691 2916 alii,
710 2859 748 2903 ex
768 2840 869 2922 quibus

78 2954 204 3134 *i
