2125 3784
258 259 337 339 '2'60
372 262 431 332 Iu
457 254 508 330 M.
531 260 837 331 Arrornoit

254 397 293 439 ne
310 375 393 456 hujus
411 376 515 456 impuri
533 374 656 434 latronis
680 370 817 437 feremus
836 378 926 438 teteni·
987 372 989 377 ’

254 478 355 529 mum,
371 456 660 534 crudelissimumque
680 452 887 517 dominatum?

295 535 375 596 XII.
397 536 480 616 Quid
498 537 544 596 hic
563 534 666 606 faciat,
683 537 709 594 si
724 538 875 615 potuerit,
892 539 933 597 'm-

255 632 324 688 tus,
343 619 390 698 qui
411 636 499 698 quum
517 613 685 675 succensere
707 619 825 676 nemini
843 616 936 697 pollet,

256 697 391 756 omnibus
416 698 502 756 bonis
522 694 607 754 fuerit
633 696 799 757 inimicus?
820 698 938 778 quidlit

256 775 349 837 vietor
367 798 428 835 non
449 774 587 846 audebit,
612 776 662 855 qui
690 776 811 837 nullam
840 777 940 857 adeptu

257 854 428 928 visionum,
443 872 524 915 tanta
538 853 643 915 scelera
657 853 728 934 post
740 854 867 918 Caesaris
883 861 942 917 inte·

257 937 344 994 ritum
361 934 483 997 fecerit?
505 934 642 994 refertam
668 933 739 1011 ejus
757 936 885 997 domurn
902 956 944 997 ett

258 1014 404 1076 hauserit?
424 1016 526 1075 hortos
546 1013 740 1094 compilarit?
755 1017 799 1077 ad
821 1015 850 1077 se
867 1014 944 1076 erlis

261 1097 360 1155 omnia
384 1113 557 1155 ornamenta
585 1091 789 1156 transtulerit?
817 1096 946 1161 cedis&

260 1175 465 1235 incendiorum
484 1175 594 1235 causam
611 1176 761 1255 quaesierit
785 1195 825 1237 ex
839 1174 946 1237 funere?

261 1253 374 1315 duobus
393 1273 441 1315 aut
450 1256 540 1314 tribus
550 1252 824 1330 senanrsconsultis,
841 1256 948 1317 bene&

263 1354 326 1395 ere
349 1335 442 1396 ublica
460 1334 559 1409 fadis,
576 1334 702 1416 reliquas
719 1356 769 1397 res
780 1338 824 1397 ad
837 1336 955 1411 lucrum

262 1357 447 1497 predamque
458 1414 660 1476 revocaverit?
674 1416 852 1478 vendiderit
860 1419 949 1477 immo

265 1496 392 1557 nitates?
418 1499 549 1557 civitates
574 1494 765 1557 liberaverit?
792 1498 949 1579 provincia

265 1574 409 1637 universas
432 1596 467 1637 ex
493 1576 606 1656 imperii
615 1576 728 1714 populi
742 1576 877 1639 Romani
896 1574 949 1656 jur

265 1654 426 1715 sustulerit?
449 1656 559 1716 exsules
581 1674 613 1716 re
635 1656 748 1716 uxerit?
775 1656 862 1719 salsas
882 1657 949 1741 leget

271 1732 311 1795 C.
331 1733 449 1795 Caesaris
470 1738 613 1809 nomine,
640 1736 673 1796 δι
695 1735 765 1797 falsa
790 1738 907 1799 decreta
925 1740 949 1797 in

266 1834 305 1875 as
322 1814 494 1889 incidenda,
513 1816 547 1875 δι
565 1818 594 1874 in
609 1813 758 1896 Capitolio
771 1815 893 1900 figenda
906 1822 947 1877 c'u·

265 1895 397 1954 raverit?
418 1908 573 1976 earumque
583 1916 677 1955 rerum
689 1898 824 1957 omnimo
840 1897 950 1959 domes·

268 1976 359 2032 ticum
381 1993 541 2036 mercatum
557 1974 727 2038 instituerit?
753 1978 872 2058 populo
891 1976 950 2037 Ro-

268 2072 356 2112 mano
375 2054 454 2136 leges
471 2050 657 2136 imposuerit?
674 2057 760 2116 armis
774 2058 808 2118 &
819 2056 951 2138 presidiis

267 2133 409 2212 populum
438 2136 470 2194 &
496 2133 672 2217 magistratus
690 2136 761 2198 soro
778 2134 950 2199 excluserit?

268 2211 398 2274 senatum
413 2211 520 2294 stiparit
539 2215 673 2276 armatis?

314 2311 362 2370 31«
376 2294 514 2354 Armatus
528 2298 557 2354 in
571 2296 643 2355 cella
653 2294 853 2370 Concordiae,
869 2316 953 2380 quum

268 2370 397 2433 senatum
415 2375 556 2446 haberet,
576 2375 739 2436 incluserit?
760 2375 800 2435 ad
825 2375 837 2435 l
877 2381 953 2438 ‘ones

269 2451 451 2514 Brundisium
469 2455 641 2516 cucurrerit?
657 2477 693 2516 err
707 2457 755 2515 his
763 2456 862 2536 optim
895 2456 953 2518 seu-

268 2534 375 2593 tientes
391 2538 574 2595 centuriones
586 2532 779 2617 jugulaverit?
797 2557 867 2595 curn
878 2556 957 2598 exer·

270 2615 327 2672 citu
341 2614 467 2674 Romam
486 2618 521 2675 sit
539 2616 576 2675 ad
595 2617 742 2677 interitum
760 2614 913 2691 nostrum,
926 2618 956 2678 δι

269 2692 308 2750 ad
327 2693 561 2772 disperditionem
580 2695 657 2757 urbis
684 2698 784 2758 venire
812 2695 955 2759 conaturi

270 2771 371 2851 Atque
382 2775 405 2833 is
417 2775 453 2837 ab
465 2776 522 2837 hoe
540 2779 651 2859 impetu
667 2773 821 2841 ulredus
834 2777 957 2841 consiliu

231 3174 390 3378 ‘N
421 3320 426 3329 .
