2125 3784
103 316 111 341 '
161 359 240 458 ¹348
281 362 338 430 Iu
359 361 411 432 M.
435 361 731 432 Aurorrrvrr

137 546 139 553 Ι
162 476 284 548 Catuli,
303 474 471 549 Scaevolae,
490 473 588 555 Crassi
613 498 695 537 arma
720 475 841 559 sumpse*

137 556 140 563 ’
160 575 243 617 runt:
263 577 332 616 num
351 574 398 615 aut
417 554 546 616 consules
563 556 629 617 illos
647 601 657 631 ,
678 575 728 617 aut
750 560 841 619 claris·

159 641 248 696 simos
266 639 345 695 viros
361 636 569 715 vituperandos
584 637 690 718 putas?
709 637 776 720 Ego
789 638 841 701 Ca·

158 720 270 777 tilinam
288 720 382 811 perire
403 717 503 776 volui:
522 738 592 776 num
609 734 640 777 tu
653 758 663 787 ,
677 721 733 856 ¹otri
745 738 840 779 omnes

156 796 253 859 salvos
272 816 336 869 vrs,
356 795 511 856 Catilinam
528 795 640 857 salvum
659 818 677 857 e
700 819 718 859 e
737 800 840 859 voluis·

130 886 133 893 '
158 877 214 938 ti?
240 878 308 937 Hoc
327 875 465 949 interest,
491 873 625 952 Calene,
652 880 729 939 inter
750 900 839 940 meam

158 958 330 1019 sententiam
349 957 381 1018 δι
395 972 490 1017 tuam:
508 977 565 1039 ego
582 960 655 1019 nolo
670 980 838 1042 quemquam

159 1042 255 1099 civem
277 1042 460 1098 committere
481 1082 491 1110 ,
513 1054 545 1096 ut
564 1056 660 1099 morte
681 1040 839 1101 multandus

156 1121 218 1193 sit;
236 1137 286 1192 tu,
305 1121 392 1180 etiam
414 1120 437 1177 si
456 1117 651 1191 commiserit,
672 1121 839 1181 conservan-

159 1200 231 1261 dum
253 1217 346 1282 putas.
371 1198 403 1258 ln
425 1218 550 1279 corpore
567 1201 590 1258 si
609 1200 679 1282 quid
703 1199 840 1279 ejusmodi

161 1281 225 1354 est,
246 1279 326 1363 quod
344 1279 456 1360 reliquo
478 1282 594 1359 corpori
617 1297 758 1355 noceat,
780 1283 838 1353 uri,

158 1362 305 1443 secarique
325 1361 467 1441 patimur;
490 1377 520 1419 ut
540 1362 705 1421 membrum
728 1360 839 1444 aliquod

158 1446 275 1539 potius,
295 1441 381 1522 quam
402 1457 495 1500 totum
515 1461 621 1521 corpus
640 1443 784 1503 intereat:
804 1443 838 1503 sic

159 1546 190 1584 tn
210 1522 373 1605 reipublicae
391 1539 515 1602 corpore
535 1566 545 1595 ,
562 1539 595 1581 ut
615 1538 713 1582 totum
736 1521 839 1584 salvum

157 1608 217 1681 alt,
235 1603 372 1687 quidquid
388 1600 429 1662 est
445 1600 611 1683 pestiferum
627 1620 805 1684 amputetur.

207 1686 253 1746 16.
279 1684 363 1745 Dura
377 1705 446 1744 vox.
468 1682 566 1742 Multo
579 1683 628 1742 illa
647 1683 767 1744 durior:
783 1683 840 1746 Sal·

158 1768 191 1829 tri
207 1768 263 1826 sint
278 1764 424 1847 improbi,
439 1762 586 1837 scelerati,
606 1765 689 1845 impii
702 1785 718 1837 3.
728 1765 840 1827 delean·

154 1864 206 1909 ·tur
226 1849 412 1916 innocentes,
430 1842 567 1918 ltonesli,
587 1844 681 1916 boni,
699 1860 764 1905 tota
784 1867 840 1908 res·

161 1928 288 2013 publica.
316 1926 387 1987 Uno
404 1929 433 1986 in
455 1925 603 1997 homine,
623 1924 667 2003 Q.
686 1924 779 2001 Fufi,
801 1927 842 1987 sa·

161 2028 229 2071 teor
240 2028 269 2070 te
290 2005 389 2069 vidisse
411 2005 571 2089 plusquam
583 2024 642 2064 me.
656 2004 720 2087 Ego
731 2006 763 2066 P.
774 2005 843 2068 Clo·

159 2090 239 2149 dium
258 2088 412 2148 arbitrabar
429 2084 618 2169 perniciosum
637 2088 736 2147 civem
754 2131 765 2161 ,
782 2086 843 2148 sce·

159 2170 301 2243 letatum,
320 2169 500 2229 libidinosum
511 2212 520 2241 ,
532 2169 654 2246 impium
666 2212 675 2240 ,
689 2167 843 2242 audacem,

143 2247 371 2323 ¹facinorosum
388 2268 417 2310 tu
436 2247 536 2310 contra
554 2246 704 2323 satillum,
726 2266 844 2329 tempe0

158 2349 271 2393 tantem
281 2378 292 2406 ,
301 2334 506 2399 innocentem,
520 2325 706 2402 modestum,
717 2331 844 2391 retinen·

158 2411 228 2473 dum
243 2415 360 2487 civem,
377 2413 409 2472 δι
423 2409 602 2491 optandumt
618 2409 647 2466 in
665 2408 724 2469 hoc
743 2426 845 2470 unote

155 2492 313 2577 plurimum
331 2490 450 2563 vidisse,
464 2491 586 2549 multum
599 2509 647 2548 me
658 2488 764 2551 enasse
774 2510 844 2549 con·

150 2572 244 2635 ¹cedo.
275 2574 381 2646 Nam,
406 2571 486 2654 quod
509 2591 557 2630 me
581 2587 679 2628 tecum
706 2570 843 2630 iracunde

148 2673 244 2737 agere
272 2654 363 2716 dixisli
383 2653 499 2725 solere,
521 2648 641 2711 nonest
664 2651 726 2709 ita:
751 2651 844 2711 vehe-

146 2752 272 2795 ¹menter
288 2757 337 2798 me
354 2756 437 2831 agere
457 2733 570 2806 fateor,
583 2730 720 2790 iracunde
742 2750 840 2812 nego:

155 2816 279 2876 omnino
304 2817 383 2877 irasci
400 2817 497 2877 amicis
517 2834 578 2874 non
598 2812 709 2872 temere
729 2810 841 2886 soleo,

153 2908 191 2951 ne
209 2894 234 2951 si
249 2916 400 2960 merentur
415 2894 542 2978 quidem.
567 2890 667 2973 ltaque
686 2893 748 2953 s'ute
772 2912 842 2955 vet·
