2125 3784
120 271 174 366 56
298 303 302 309 ·
346 269 419 340 On
435 287 462 338 A
483 289 539 341 rr
555 291 580 341 o

117 403 179 445 non
196 401 324 456 vereor,
347 404 406 459 ne,
428 385 509 465 quod
533 405 571 446 ne
592 383 722 466 suspicari
740 387 803 469 qui·

117 463 186 524 dem
203 466 368 544 potuerim,
386 464 487 524 videar
507 464 539 523 id
556 464 700 547 cogitasse.

157 541 208 616 48.
239 542 326 604 Nunc
347 545 499 626 persequar
516 561 635 619 cetera;
662 567 731 606 nam
749 567 805 607 oc·

116 626 204 682 currit
215 623 302 684 illud:
321 623 409 708 Igitur
425 646 463 685 ne
484 623 745 707 Clodius'quidem
766 627 803 689 de

117 703 226 764 insidiis
238 707 397 788 cogitavit,
412 708 551 786 quoniam
567 705 620 766 fuit
638 709 667 766 in
684 707 803 770 Albano

118 784 285 859 mansurus,
306 788 329 845 si
370 786 469 847 uidem
489 788 614 846 exiturus
634 787 671 847 ad
693 788 804 848 caedern

118 885 137 926 e
152 866 221 926 villa
235 887 297 926 non
309 808 412 928 suisset.
434 866 535 927 Video
548 870 624 928 enim
641 868 743 940 illurn,
755 871 804 950 qni

120 946 224 1006 dicitur
239 947 276 1008 de
296 944 370 1027 Cyri
390 965 486 1008 morte
508 945 645 1008 nuntiasse
663 993 673 1020 ‚
690 969 751 1008 non
774 948 804 1009 id

113 1024 278 1099 nuntiasse,
297 1026 345 1086 sed
369 1027 516 1089 Milonem
540 1030 773 1110 appropinquare
794 1050 803 1088 ι

119 1129 188 1168 narn
206 1107 326 1188 quidde
342 1105 426 1189 Cyro
444 1108 608 1180 nuntiaret,
624 1129 713 1189 quem
730 1105 805 1169 Clo·

120 1187 183 1248 dius
199 1188 296 1247 Romi
311 1187 491 1268 proficiscens
508 1189 661 1270 reliquerat
673 1191 805 1248 morien·

120 1268 205 1329 tem?
225 1267 294 1330 Une
317 1267 377 1328 fui:
397 1267 597 1328 testamentum
620 1269 704 1329 simul
723 1270 804 1328 obsi-

118 1352 207 1431 gnavi
227 1370 293 1410 cnm
317 1347 455 1411 Clodio:
480 1345 683 1409 testamentum
707 1364 805 1410 autern

119 1431 217 1511 palam
234 1429 362 1501 fecerat,
383 1429 416 1490 &
434 1427 514 1487 illum
531 1428 689 1502 heredem,
708 1428 741 1488 &
754 1448 804 1491 me

118 1510 276 1592 scripserat.
304 1510 406 1590 Quem
423 1508 515 1590 pridie
540 1509 613 1570 horsa
635 1509 719 1570 tertii
742 1511 806 1568 ani·

119 1612 198 1653 marn
216 1591 358 1651 efflantem
377 1587 549 1670 reliquiffet‚
572 1611 638 1652 eum
657 1607 804 1650 mortuum

119 1670 256 1749 postridie
275 1670 347 1732 horai
366 1669 479 1730 decimi
495 1668 620 1749 denique
641 1671 668 1727 ei
687 1671 805 1729 nuntia-

117 1749 228 1809 batur?

160 1829 254 1890 XIX.
276 1828 363 1911 Age,
378 1830 414 1888 sit
428 1829 468 1889 ita
480 1824 601 1889 fartum:
621 1845 683 1905 quae
702 1827 804 1902 causa,

118 1924 170 1967 tur
187 1911 314 1970 Romam
331 1906 519 1987 properaret?
539 1925 588 1964 cur
607 1905 635 1962 iu
648 1906 764 1967 nollem
775 1909 805 1970 se

115 1986 308 2064 conjiceret?
330 1986 400 2067 qnid
423 1984 559 2046 afferebat
580 1984 661 2044 causa
686 1985 806 2048 festina-

116 2066 206 2124 tionis
230 2066 240 2125 ?
264 2066 344 2147 quod
368 2067 451 2127 heres
478 2063 571 2128 erat?
617 2067 718 2127 timum
743 2086 804 2131 erat

112 2143 211 2218 nihil,
230 2167 279 2205 cur
301 2164 458 2228 properato
479 2169 497 2206 o
520 2166 553 2208 ns
571 2087 657 2205 edet:
679 2146 803 2222 deinde,

111 2221 140 2277 si
161 2226 233 2302 quid
253 2224 344 2299 esset,
362 2227 430 2309 quid
446 2168 563 2287 tandem
577 2242 656 2300 erat,
670 2229 751 2308 quod
767 2229 816 2293 et

108 2303 205 2364 notre
227 2307 363 2389 consequi
385 2305 500 2388 posset3
521 2309 665 2367 amitteret
684 2325 804 2383 autern,

106 2379 135 2437 si
158 2382 301 2460 postridie
323 2391 407 2450 mane
424 2387 551 2449 Romam
573 2384 724 2449 venisset?
748 2388 806 2448 At·

105 2477 195 2536 que,
215 2482 247 2524 ut
261 2467 300 2531 illi
319 2468 471 2530 nollurnus
488 2467 525 2528 ad
546 2467 647 2528 urbem
662 2468 804 2530 adventus

103 2539 253 2626 mitandus
270 2553 395 2628 potiirs,
417 2549 502 2630 quiam
524 2547 704 2628 expetendus
725 2548 803 2622 suit;

101 2631 149 2672 εις
165 2619 299 2702 Miloni,
315 2651 403 2712 quum
419 2631 568 2688 insidiator
583 2625 672 2701 esset,
686 2630 709 2688 si
723 2629 804 2690 illum

100 2691 145 2747 ad
165 2702 275 2764 urbem
293 2706 697 2781 nottuaccessurumsciehat,
714 2706 804 2771 subri·

98 2766 266 2862 dentium,
286 2806 374 2873 atque
393 2787 614 2871 exspertandum
636 2785 700 2851 fuit.
