2125 3784
240 402 335 456 nno
359 383 410 455 M.
434 385 706 460 Mnncrzro.
749 434 750 440 κ
764 409 816 484 95

129 498 178 560 M.
192 497 334 562 Marcello
349 497 542 572 conservato,
555 500 724 582 dignitatem
738 503 818 565 suam

131 577 294 655 reddidisti,
310 581 577 661 nobilissimamque
590 581 744 658 familiam,
756 584 818 664 jam

131 660 169 720 ad
182 682 290 740 paucos
308 661 473 735 sedaliam,
490 681 567 742 pene
578 663 616 722 ab
625 665 741 725 interitu
751 669 818 728 vin·

131 739 242 800 dicasti.

177 840 226 879 11.
251 819 339 880 Hunc
358 837 391 883 ru
410 820 495 904 igitur
515 822 594 883 diem
612 825 666 883 tuis
687 827 820 888 maximis

132 900 167 962 &
181 901 434 963 innumerabilibus
447 904 683 985 gratulationibus
694 903 757 985 jure
769 930 823 967 an·

131 996 279 1060 repones:
299 980 358 1041 haec
372 984 450 1044 enim
467 994 513 1044 'res
532 987 616 1046 unius
639 985 679 1046 est
702 991 821 1068 propria

135 1058 176 1120 C.
196 1059 335 1121 Caesaris:
356 1081 461 1125 ceterae
479 1065 601 1126 ducere
621 1065 708 1148 gella
727 1065 821 1143 sunt,

133 1162 248 1223 magnae
267 1142 322 1202 illae
340 1144 486 1224 quidem,
509 1144 559 1205 sed
575 1164 674 1208 tamen
696 1148 791 1209 multo
807 1192 820 1220 ,

132 1242 301 1304 magnoque
321 1227 470 1286 comitatu.
496 1225 591 1305 Hujus
607 1244 704 1288 autem
725 1231 767 1288 rei
787 1245 821 1288 tu

133 1303 215 1362 idem
232 1323 264 1363 es
281 1304 314 1364 &
331 1305 409 1378 dux,
423 1307 456 1366 &
472 1326 573 1368 comes
593 1328 600 1366 ι
617 1327 682 1388 quae
700 1307 820 1388 quidem

135 1399 217 1443 tanta
237 1382 295 1458 est,
308 1402 340 1444 ut
352 1389 487 1467 tropaeis,
501 1386 699 1464 monumentis
714 1409 751 1449 ue
764 1390 820 1450 tuis

134 1463 254 1524 allatura
281 1465 317 1525 sit
341 1465 430 1529 finem
455 1484 552 1526 aetas:
580 1467 650 1527 nihil
674 1409 715 1528 ed
741 1471 821 1527 eninr

134 1564 227 1624 opere
247 1563 296 1605 aut
309 1567 400 1606 manu
416 1546 543 1618 fadum,
562 1547 644 1626 quod
666 1547 822 1625 aliquando

133 1646 199 1684 non
219 1625 383 1696 conficiat,
403 1625 438 1682 δι
459 1624 609 1683 consumat
623 1623 774 1684 vetustas:
795 1641 825 1686 at

134 1705 199 1765 haec
219 1721 270 1762 rua
294 1700 420 1780 justitia,
440 1702 594 1764 &lenitas
614 1704 702 1764 animi
718 1703 825 1764 flores·

134 1800 186 1846 cet
209 1783 343 1865 quotidie
364 1784 456 1864 magis
477 1828 488 1858 ,
510 1786 578 1856 ira,
602 1800 662 1856 ut,
683 1801 823 1865 quantum

137 1865 278 1944 operibus
291 1866 347 1923 ruis
363 1863 534 1924 diuturnitas
549 1863 697 1939 detrahet,
709 1882 823 1928 rantum

130 1942 239 2005 ⁴afferat
255 1944 396 2004 laudibus.
818 2007 821 2012 ,

186 2043 233 2084 12.
258 2024 296 2084 Et
311 2042 427 2086 ceteros
443 2025 563 2115 quidem
577 2042 681 2086 omnes
697 2023 824 2087 viliores

138 2104 284 2166 bellorum
305 2106 431 2173 civilium
448 2127 509 2186 Jam
527 2108 594 2166 antis
612 2108 767 2188 aequitate,
788 2106 822 2168 &

139 2184 335 2247 misericordia
356 2188 492 2261 viceras3
512 2187 656 2248 hodierno
677 2188 750 2248 verb
774 2186 823 2248 die

142 2283 174 2339 te
189 2264 281 2347 ipsum
291 2265 389 2328 vicisti.
409 2267 543 2343 Vereor,
553 2285 584 2328 ut
595 2269 673 2341 hoc,
685 2267 767 2348 quod
780 2267 825 2327 di·
866 2335 872 2342 ,

140 2366 229 2420 earn,
246 2346 367 2427 perinde
383 2349 504 2430 intelligi
522 2349 619 2409 auditu
641 2348 755 2429 possit,
776 2364 825 2407 at-

141 2445 201 2508 ·que
216 2447 274 2509 ego
291 2428 300 2492 i
322 2425 350 2489 se
364 2432 496 2510 cogitans
506 2428 616 2490 sentio:
633 2427 721 2509 ipsam
732 2427 826 2488 villo·

139 2510 216 2569 riam
238 2511 269 2568 vi
287 2509 294 2522 '
317 2528 335 2570 e
354 2509 459 2571 videris
477 2555 488 2585 ,
507 2531 596 2591 quum
612 2529 675 2580 ea,
693 2528 756 2588 quae
776 2508 826 2568 illa

142 2604 208 2648 erat
230 2588 285 2649 ade
306 2605 357 2663 ta,
376 2589 457 2650 vitris
471 2589 611 2650 remisisti.
638 2587 716 2648 Nam
735 2607 826 2667 quum

140 2670 232 2752 ipsius
250 2608 378 2730 vidoriae
393 2671 564 2731 conditione
580 2667 646 2756 jure·
655 2687 758 2726 omnes
766 2668 827 2726 vic·

140 2753 165 2811 ti
178 2748 374 2811 occidillemus
384 2793 393 2823 ,
404 2751 565 2811 clementiae
575 2766 631 2807 tuae
640 2747 747 2824 Judicio
761 2766 828 2806 con·
842 2787 846 2794 -

140 2831 248 2898 servari
263 2829 370 2890 sumus.
394 2829 484 2891 Reor
499 2833 591 2913 igitur
607 2846 680 2887 unus
705 2825 827 2907 invidus

141 2932 196 2985 es,
214 2933 232 2971 a
247 2931 307 2993 quo
326 2911 413 2970 etiam
429 2908 660 2991 ipsiusvissoriae
674 2906 824 2982 conditio,

140 2991 243 3074 visque
260 2988 375 3055 deride
388 2986 438 3051 est.
