2125 3784
177 373 259 426 erro
279 354 317 423 C.
335 356 517 425 RArrnro
533 353 751 426 Postumo.
776 377 820 428 11

137 486 187 532 tor.
217 467 261 531 Ita
281 466 342 529 est:
354 468 403 532 sed
419 486 452 531 tu
466 466 539 530 istud
553 468 675 549 petiisti,
691 492 752 554 ego
765 472 827 534 hoc

136 572 233 632 cogor.
263 550 368 629 Quare
385 567 433 611 aut
449 547 538 624 judici
551 550 620 610 mihi
635 572 694 611 non
708 552 767 614 effe
784 554 825 613 li-

140 649 215 703 ceat,
227 647 278 691 aut
290 629 388 712 legem
398 631 426 691 le
447 650 465 690 e
482 629 623 691 senatorii
636 652 696 692 non
705 636 822 695 timere.

173 710 222 773 18.
245 711 318 770 Hoc
336 731 392 771 vos
404 755 414 784 ,
427 651 551 790 {quites
565 708 716 787 Romani,
736 713 781 793 jus
802 737 820 776 a

136 791 264 872 patribus
279 809 436 872 acceptum
452 790 613 852 amittetis?
630 814 762 868 moneo,
781 816 821 857 ne
858 811 859 814 ’

137 871 262 933 faciatis:
280 874 428 952 rapientur
446 872 581 932 homines
595 873 623 930 in
637 873 700 931 haec
716 872 824 951 judicia·

137 972 170 1013 ex
189 952 273 1013 omni
291 972 353 1013 non
370 951 464 1013 modo
478 950 606 1027 invidia,
623 950 674 1013 sed
687 951 820 1015 sermone

138 1032 372 1105 malevolorum,
394 1035 448 1094 nini
465 1033 584 1092 cavetis.
610 1032 642 1093 Si
659 1030 720 1111 jam
737 1036 822 1095 vobis

137 1116 314 1173 nuntiaretur
337 1115 368 1172 in
388 1111 487 1175 senatu
511 1110 666 1174 sententias
689 1114 764 1188 diri,
790 1131 823 1174 ut

137 1193 176 1253 his
197 1193 315 1275 legibus
325 1194 521 1265 teneremini,
538 1193 766 1254 concurrendum
781 1194 820 1254 ad

137 1277 241 1334 ruriam
279 1275 414 1334 utereris:
428 1276 451 1333 si
465 1272 512 1333 lex
525 1272 666 1348 ferretur,
681 1274 824 1334 convola-

137 1356 200 1415 retis
226 1375 244 1414 a
287 1351 412 1414 Rostra:
432 1374 489 1414 vot
507 1350 620 1414 senatus
638 1355 747 1416 liberor
765 1355 820 1415 hac

137 1433 199 1516 lege
217 1432 277 1494 effe
295 1434 414 1496 voluit:
434 1433 561 1528 populus
577 1455 733 1518 numquam
756 1436 823 1495 alli-

137 1512 825 1666 temeraturumeruut

141 1675 168 1734 di
181 1673 289 1747 fuerit,
300 1676 350 1754 qui
361 1693 420 1734 nec
433 1672 581 1746 tribunus,
592 1693 648 1734 nec
657 1672 825 1754 praefedus‚

142 1774 196 1815 nec
209 1774 245 1815 ex
260 1753 343 1817 Italia
357 1774 480 1827 comes,
496 1773 553 1814 nec
569 1752 713 1814 familiaris
730 1752 825 1816 Gabi·

142 1837 179 1894 nii
189 1835 261 1908 fuit3
277 1856 407 1917 quonam
425 1834 454 1895 se
466 1833 558 1895 modo
570 1834 732 1896 defendent
745 1834 824 1917 post-

143 1916 210 1989 hac,
227 1917 280 1998 qui
296 1913 384 1978 vestri
404 1914 513 1976 ordinis
528 1935 596 1975 cum
617 1913 826 2009 magistratibus

144 1994 239 2057 nostris
253 1993 363 2056 fuerint
375 1996 419 2055 his
436 1995 527 2055 causis
544 1993 705 2076 implicatu?

181 2073 265 2135 vm.
276 2074 326 2136 Tu
342 2120 351 2149 ,
367 2078 483 2157 inquit,
501 2073 659 2136 Gabinium
670 2090 826 2158 ‚utregem

145 2156 317 2227 reduceret,
335 2154 478 2237 impulisti.
494 2153 565 2216 Non
575 2159 681 2237 patitur
695 2177 761 2218 mea
778 2177 826 2218 me

146 2234 198 2314 jam
212 2236 288 2296 fides
301 2236 338 2296 de
349 2236 479 2298 Gabinio
492 2240 605 2317 gravius
619 2257 722 2319 agere:
737 2256 827 2317 quem

145 2320 218 2377 enim
236 2337 274 2377 en
287 2320 373 2377 tantis
382 2318 539 2378 inimicitiis
557 2335 709 2398 receptum
723 2319 751 2375 in
764 2338 828 2398 gra·

146 2400 211 2456 tiam
231 2396 346 2457 summo
362 2396 457 2459 studio
472 2395 675 2470 defenderim,
691 2398 767 2457 hunc
785 2396 829 2457 af·

146 2478 251 2537 ffid'um
267 2478 381 2539 violare
394 2500 456 2540 non
470 2477 566 2539 debeo
577 2501 584 2538 :
597 2498 723 2560 quocum
738 2476 830 2536 stante

146 2561 168 2619 si
191 2578 240 2619 me
254 2555 462 2641 cn.1>0mpeu
487 2558 638 2620 austeritas
659 2560 689 2618 in
711 2560 832 2646 gratiam

146 2660 203 2698 non
225 2637 405 2714 reduxisset,
424 2658 501 2698 nunc
519 2637 580 2718 jam
605 2640 692 2720 ipsios
714 2643 832 2696 tortum

147 2719 311 2780 reduceret.

186 2817 237 2859 20.
252 2797 314 2858 Sed
332 2814 454 2870 tamen,
470 2810 558 2879 quum
579 2797 618 2855 ita
635 2795 722 2868 dicis,
736 2794 835 2858 Postu·

149 2880 186 2943 tui
205 2877 333 2965 impulsu
344 2877 504 2942 Gabiniam
524 2876 687 3017 profedterm
700 2877 834 2966 Alexan-

684 2980 715 3039 v]
