2125 3784
1111 359 1282 459 ‚480
1356 358 1469 428 ΙΝ
1514 355 1615 426 Μ.
1662 354 1981 425 Aura*

1114 470 1582 538 animadvertere
1601 474 1638 545 ,“
1660 467 1915 549 judicare
1935 498 1981 544 ,ι

1120 556 1313 619 ferunt
1347 574 1367 613 t
1402 570 1713 635 poteratne
1758 548 1887 611 fieri
1920 595 1941 624 ,
1974 572 1981 604 τ

1112 636 1387 698 homines
1432 634 1507 694 de
1543 653 1660 716 quo
1744 652 1777 692 e
1799 675 1820 704 ,
1855 647 1920 690 ut
1949 651 1981 712 q

1112 731 1205 776 tur
1224 759 1246 788 ‚
1280 713 1644 795 judicarent?
1746 730 1770 772 t
1801 713 1959 772 enim

1107 811 1253 858 natu
1282 795 1534 877 populus
1565 793 1869 876 Romanus
1895 811 1981 853 ve·

1114 877 1288 938 nuliis
1338 875 1665 957 reipublicae
1707 871 1981 954 tempori]

1116 977 1261 1020 nem
1290 954 1608 1017 firmiorem
1640 973 1811 1036 atque
1842 952 1981 1014 forti

1115 1038 1194 1099 de
1242 1055 1600 1118 unoquoque
1644 1032 1903 1095 nostrfim
1926 1078 1947 1107 ,

1113 1118 1232 1179 hoc
1269 1117 1408 1178 loco
1449 1115 1761 1177 sententias
1799 1113 1977 1176 dicim

1111 1217 1322 1260 omnes
1343 1242 1364 1271 ,
1393 1213 1572 1259 avent
1606 1196 1839 1269 audire,
1867 1196 1981 1276 qui«

1110 1282 1223 1340 rit:
1269 1281 1349 1339 ita
1386 1279 1462 1339 de
1489 1295 1845 1359 unoquoque
1868 1320 1888 1348 ‚
1928 1296 1981 1337 m

1112 1363 1289 1422 ritum
1323 1359 1667 1424 arbitrantur
1683 1402 1704 1433 ,
1740 1354 1981 1418 existimz

1197 1456 1296 1500 20.
1352 1439 1648 1501 Memoria
1693 1453 1895 1499 tenent
1926 1480 1952 1511 ‚

1116 1537 1314 1583 1111.
1380 1520 1514 1581 Kal.
1568 1519 1695 1581 Jan.
1752 1520 1979 1601 princip

1111 1601 1393 1664 libertatis
1422 1598 1613 1661 fuisse:
1650 1619 1745 1660 me
1783 1619 1857 1659 ex
1885 1598 1981 1659 Ka

1111 1681 1319 1743 horam
1358 1678 1671 1763 invigilasse
1715 1680 1981 1761 reipublic

1110 1782 1275 1823 mum
1306 1808 1326 1836 ‚
1366 1762 1635 1843 measque
1666 1781 1831 1822 aures
1865 1759 1981 1832 dies

1109 1845 1270 1904 nium
1296 1845 1599 1923 praeceptis
1618 1887 1639 1916 ,
1669 1840 1981 1923 monitisqu

1107 1923 1310 1984 litteris
1332 1969 1351 1998 ,
1395 1927 1539 1988 meis
1572 1925 1819 1995 nuntiis,
1858 1924 1979 1982 mei

1108 2004 1219 2065 bus
1247 2024 1491 2076 omnes,
1530 2006 1629 2084 qui
1663 2004 1877 2084 ubique
1909 2001 1981 2064 ess

1149 2084 1431 2144 raesidium
1465 2085 1777 2143 excitatos:
1802 2085 1948 2144 meis
1977 2107 1981 2143 :

1130 2163 1294 2223 endis
1331 2162 1361 2224 J
1367 2166 1606 2223 armariis
1635 2184 1953 2245 numquam

1104 2246 1334 2304 tonium
1373 2265 1388 2302 z
1439 2242 1667 2325 semper
1710 2244 1876 2305 illum
1929 2245 1981 2304 h.

1104 2325 1221 2386 hoc
1263 2325 1526 2390 bellum:
1563 2342 1627 2384 ut
1659 2345 1809 2406 ego,
1849 2327 1949 2406 qui

1105 2427 1263 2468 verae
1294 2410 1450 2486 pacis
1486 2406 1684 2466 3υᾶοτ
1711 2403 1974 2479 fuissem,

1100 2488 1244 2548 mini
1276 2484 1557 2566 pestiferae
1591 2487 1748 2566 pacis
1781 2488 1977 2546 inimic

1100 2567 1305 2627 t-idium
1330 2611 1349 2640 ,
1383 2587 1559 2648 quum
1585 2567 1678 2629 alii
1708 2567 1981 2630 tribunum

1100 2645 1226 2709 sent
1261 2691 1281 2717 ,
1327 2668 1448 2710 non
1483 2668 1597 2729 ego
1636 2646 1865 2726 semper
1908 2648 1981 2708 ho

1098 2726 1410 2807 sententias
1471 2748 1629 2788 meas
1683 2731 1730 2786 si
1785 2726 1981 2788 consul

1102 2806 1521 2867 discessionem
1561 2807 1749 2868 facere
1785 2809 1976 2868 voluis

1094 2883 1213 2971 ‚istis
1272 2884 1593 2955 latronibus
1658 2888 1981 2973 auRoritate

846 3198 1302 3410 fx
