2125 3784
179 367 236 444 44
407 346 642 417 Oarrro

180 485 219 526 eo
240 462 308 535 die,
329 460 426 542 quoad
442 461 553 523 senatus
576 459 703 522 dimillus
726 457 793 536 est,
811 459 870 523 dui

111 586 112 589 η
179 563 262 609 mum
278 544 379 604 verrit:
397 542 559 603 calceos&
575 540 751 603 vestimenta
772 558 871 602 muta-

181 625 225 685 vit
242 645 248 682 :
264 621 423 704 paulisper,
438 623 506 683 dum
521 621 550 682 se
563 643 656 696 uxor,
671 639 704 682 ut
720 618 773 695 fit,
790 641 872 683 coru·

179 719 284 785 parat,
303 719 502 764 commoratus
523 701 583 763 est:
597 701 706 763 deinde
721 700 870 781 profeffls

184 785 225 846 est
248 784 277 843 id
304 785 465 865 temporis,
487 803 576 864 quum
595 780 656 863 jam
674 781 804 843 Clodius
814 782 871 858 ,η’

180 926 183 931 ,
206 865 304 926 uidem
318 886 355 926 eo
374 864 420 924 die
433 863 561 924 Romam
574 880 714 924 venturus
727 878 792 922 erat
803 906 813 937 ,
826 880 871 922 re·

184 885 246 1005 lire
272 940 415 1026 potuill'et.
442 941 573 1006 Obviam
590 941 622 1002 fit
640 945 667 1004 ei
677 941 806 1003 Clodius
823 961 872 1002 ex-

180 1027 319 1106 ,peditus⁹
335 1029 364 1084 in
377 1045 472 1106 equo,
485 1024 565 1085 nulli
576 1023 690 1096 rheda,
710 1023 798 1097 nullis
816 1024 872 1082 im·

209 1106 387 1178 edimenris,
409 1105 492 1165 nullis
510 1102 622 1167 Graecis
642 1103 823 1177 comitibus,
842 1119 872 1162 ut

184 1128 295 1248 folebat
308 1207 316 1259 3
329 1189 390 1246 sine
403 1206 513 1259 uxore,
527 1185 608 1265 quod
619 1205 688 1243 uum
711 1205 780 1244 uam
793 1182 870 1245 fere:

207 1289 275 1326 uum
292 1267 336 1326 hic
353 1265 525 1339 insidiator,
541 1267 591 1346 qui
603 1267 656 1324 iter
677 1205 747 1323 illud
768 1264 808 1324 ad
819 1284 874 1323 cae·

186 1289 256 1406 iem
273 1345 434 1406 faciendam
445 1343 622 1428 apparallet‚
635 1365 702 1404 cum
715 1363 809 1404 uxore
821 1363 874 1405 ve·

184 1425 301 1486 heretur
317 1427 347 1485 in
370 1425 482 1500 rheda,
506 1425 681 1505 penulatus,
709 1445 820 1506 magno
835 1424 873 1484 '&

187 1506 331 1587 impedito
353 1507 385 1566 &
407 1505 539 1566 muliebri
555 1526 587 1566 ac
606 1504 731 1565 delicato
753 1503 875 1566 ancilla·

186 1608 267 1661 rum,
282 1607 497 1670 puerorumque
514 1588 665 1647 comitatu.

231 1687 279 1743 29.
291 1668 336 1727 Fit
347 1669 466 1727 obviam
477 1665 587 1726 Clodio
600 1681 667 1741 ame
678 1662 802 1732 fundum
813 1663 875 1745 ejus

185 1746 263 1809 hora
273 1746 333 1805 fere
345 1746 517 1818 undecimli‚
531 1763 578 1804 aut
593 1767 654 1804 non
668 1745 760 1804 multo
774 1744 874 1807 secus:

187 1823 281 1885 statim
307 1826 471 1906 complures
498 1846 564 1884 cum
587 1826 651 1885 telis
680 1826 709 1884 in
729 1825 807 1886 hunc
830 1825 875 1886 fae

190 1908 268 1966 ciunt
286 1905 403 1968 deloco
419 1906 449 1966 su
471 1909 567 1968 eriore
585 1908 725 1987 impetum
738 1925 746 1964 ι
760 1906 876 1967 adversi

188 1986 352 2046 rhedarium
372 1929 519 2047 occirlirnt.
542 1985 643 2066 Quum
664 2002 761 2045 autem
776 1987 822 2046 hic
839 1986 877 2049 de

186 2065 303 2138 rheda,
321 2062 427 2143 rejeilal
444 2066 572 2146 penula,
594 2063 768 2139 desiluillet,
790 2064 878 2148 seque

189 2147 248 2202 acri
261 2148 358 2206 animo
373 2145 564 2219 defenderem
580 2147 642 2217 illi,
656 2148 797 2227 quierant
810 2167 879 2207 cum

191 2222 322 2296 Clodio,
341 2226 440 2308 gladiis
460 2227 587 2300 eduliis,
609 2227 711 2306 partim
729 2246 879 2288 recurrere

191 2305 228 2364 ad
247 2305 388 2381 rhedam,
414 2324 445 2368 ut
470 2329 487 2367 a
513 2325 596 2389 tergo
615 2306 760 2366 Milonem
780 2307 879 2368 adori-

190 2401 309 2458 renrur3
329 2389 454 2468 partim,
474 2387 556 2467 quod
575 2387 651 2446 hunc
669 2385 729 2465 jam
747 2387 882 2448 interfec-

192 2483 254 2526 tum
276 2482 429 2546 putarent,
449 2467 561 2526 caedere
582 2468 720 2546 incipiunt
741 2464 805 2546 ejus
820 2467 879 2529 ser·

191 2569 268 2620 vos,
287 2550 336 2628 qui
355 2546 419 2627 poll
439 2563 520 2607 erant
534 2567 541 2606 ε
555 2566 591 2606 ex
610 2548 734 2627 quibus‚
752 2549 802 2627 qui
817 2551 882 2609 ani·

192 2647 243 2686 mo
256 2624 333 2687 fideli
346 2629 374 2687 in
389 2627 539 2688 dominum
559 2628 591 2687 &
605 2625 735 2707 praesenti
748 2625 879 2705 fuerunt,

193 2709 298 2782 partim
312 2709 492 2782 occlusum,
513 2708 637 2788 partim,
651 2727 740 2788 quum
759 2706 796 2765 ad
811 2710 883 2770 rhe-

196 2782 262 2841 dam
282 2791 401 2867 pugnari
423 2790 580 2860 viderent,
606 2786 639 2844 &
669 2786 789 2847 domino
811 2787 879 2848 suc·

196 2882 308 2926 currere
321 2870 563 2948 prohiberentur,
583 2865 788 2950 Milonemque
802 2872 882 2932 occi·
