2125 3784
185 384 271 464 272·
303 369 360 439 Iu
385 366 436 437 M.
464 364 781 441 Auronrnst

187 503 296 563 nempe
313 483 348 543 ab
365 482 477 605 mes
495 504 561 579 qua
583 482 630 545 est
651 486 738 547 enim
763 484 813 545 alia
825 482 874 545 lani

186 564 285 703 itti}
303 562 873 725 ἓῖᾗῖῗέζᾍεῖἷὲζὶἓρζιῗῃῖἳὶᾞ

187 723 370 803 amplissimis
385 723 531 796 asenam,
556 723 645 805 quod
664 722 783 786 resistat
795 727 873 785 Anto-

188 806 241 863 nio
261 824 269 862 :
291 822 377 885 quem
392 805 416 863 si
431 803 579 863 consulem
597 804 650 864 illa
668 806 873 887 provintiapu·

189 900 288 954 taret,
313 903 407 1023 minue
425 902 493 943 eum
510 884 687 965 reciperet3
706 892 874 967 mugnone

190 963 253 1023 iere
273 962 302 1023 se
318 964 354 1022 ad
379 965 524 1044 tingeret:
542 982 652 1024 omnes
674 967 759 1026 enim
775 968 803 1025 in
818 984 873 1025 con·

190 1042 257 1103 sulis
278 1041 340 1115 iure
358 1044 391 1103 δι
409 1045 449 1102 im
472 1044 534 1102 erio
555 1042 674 1105 debent
695 1043 874 1133 eiseprovin·

192 1127 256 1183 cire.
269 1121 365 1205 Negat
380 1122 437 1183 hoc
482 1122 605 1183 .Brutus
616 1126 657 1184 im
685 1144 804 1198 erator,
818 1146 875 1186 con·

190 1202 233 1262 ful
247 1202 307 1262 desi
328 1221 429 1276 natus,
446 1219 530 1263 natus
546 1144 724 1285 reipubicae
738 1207 824 1267 civis:
834 1224 874 1266 ne·

192 1297 243 1362 gat
253 1223 370 1354 Galiia,
386 1301 474 1365 negat
492 1282 594 1344 cunfiia
611 1282 722 1360 Italia,
744 1302 832 1368 negat
841 1284 875 1347 [εὐ
915 1320 917 1325 ·

190 1378 296 1435 natus,
312 1367 424 1446 negatis
444 1384 509 1424 vos.
711 1391 725 1405 ⁴

234 1460 264 1521 9.
284 1442 359 1522 Quis
382 1445 468 1527 igitur
485 1442 567 1503 illum
585 1442 743 1507 consulem
766 1446 818 1505 nisi
837 1444 875 1505 la·

191 1538 293 1582 trones
315 1524 439 1603 putant?
461 1542 635 1605 quamquam
656 1544 698 1587 ne
718 1528 739 1586 ii
765 1525 875 1608 quidem

191 1605 269 1683 ipsi,
288 1603 369 1683 quod
382 1604 558 1685 loquuntur,
577 1604 606 1663 id
622 1603 776 1679 sentiunt;
794 1624 845 1666 nec
861 1626 876 1666 a

190 1680 298 1761 judicio
318 1686 448 1742 omnium
465 1684 653 1757 mortalium,
671 1688 810 1767 quamvis
827 1688 877 1745 iro·

192 1763 253 1842 pii,
272 1761 429 1843 nefariique
447 1767 523 1835 sint,
545 1765 616 1824 sicut
635 1762 719 1840 sunt,
737 1764 878 1826 diffentire

192 1840 324 1924 possunt:
337 1841 387 1903 sed
404 1842 467 1925 spes
487 1843 618 1924 rapiendi
628 1862 719 1927 atque
732 1845 877 1927 praedandi

193 1923 324 1982 obcaecat
340 1926 452 1983 animos
469 1943 593 1998 eorum3
612 1944 687 2004 quos
704 1945 768 1986 non
785 1928 879 1987 bono·

193 2024 257 2061 rum
282 2003 428 2075 donatio,
451 2023 512 2062 non
540 2024 673 2086 agrorum
701 2009 877 2089 assignatio,

194 2102 255 2140 non
278 2082 324 2140 illa
344 2082 453 2143 infinita
466 2081 544 2143 hasta
562 2085 750 2167 satiavit:qui
767 2087 820 2148 sibi
833 2108 878 2146 ur·

192 2160 281 2231 bem,
295 2164 342 2241 qui
360 2162 438 2222 bona
449 2164 480 2223 &
494 2163 623 2224 fortunas
633 2166 740 2225 civium
754 2168 793 2227 ad
807 2189 877 2248 prae·

192 2240 261 2301 dam
277 2242 504 2321 proposuerunt:
517 2247 584 2325 qui,
601 2244 669 2304 dum
687 2248 725 2305 sit
738 2248 823 2329 quod
834 2268 879 2307 ra·

192 2323 293 2402 piant,
315 2322 394 2403 quod
418 2322 567 2396 auferant,
595 2325 664 2384 nihil
684 2326 739 2385 sibi
764 2327 879 2387 defutu-

193 2423 258 2460 rum
279 2402 448 2462 arbitrantur
461 2424 467 2460 :
480 2405 581 2483 quibus
599 2404 644 2464 Μ.
658 2404 810 2466 Antonius
830 2404 844 2489 (
859 2408 878 2467 ὃ

195 2482 234 2541 dii
254 2484 452 2556 immortales,
472 2486 592 2544 avertite
616 2485 649 2544 &
673 2485 855 2546 detestamini
869 2497 884 2559 ,’

193 2562 307 2642 quaeso,
320 2564 375 2623 hoc
397 2564 505 2624 omen!
519 2562 533 2646 )
552 2565 654 2625 urbem
677 2564 707 2627 se
724 2566 881 2627 divisurum

195 2642 251 2703 effe
269 2646 408 2722 promisit.

239 2741 284 2782 10.
301 2722 345 2783 Ita
361 2722 456 2797 verb,
477 2722 628 2804 Quirites,
649 2742 681 2785 ut
698 2727 881 2806 precamini,

195 2805 310 2865 eveniat
317 2849 327 2880 ,
340 2804 478 2888 hujusque
490 2809 624 2871 amentia
633 2828 722 2889 poena
732 2809 762 2870 in
775 2806 884 2890 ipsum,

88 3340 91 3345 ’
176 3322 343 3445 Α
