2125 3784
197 363 278 442 444
313 346 370 417 Iu
394 343 445 411 Μ.
466 345 771 415 Auroutuur

194 464 262 523 ratis
281 457 339 521 Cn.
355 456 490 538 Pompeii
509 457 583 519 {iiius
597 456 718 540 puiset,
737 459 773 519 &
792 457 880 543 digni*

193 559 309 615 ratem,
330 539 362 601 &
381 538 512 599 fortunas
530 542 636 620 patrias
654 559 845 622 recuperare.

232 620 263 680 V
271 619 295 680 1.
323 619 370 680 Ac
382 639 419 681 ne
432 619 502 679 illud
509 620 628 700 quidem
637 621 776 695 silentio,
788 618 880 682 Patren

193 700 367 781 conscripti,
401 701 614 761 raetereundum
625 718 722 782 puto,
778 701 880 763 udde·

191 783 297 843 tissimi
312 782 365 842 viri
380 720 472 862 iegati
482 779 516 840 L.
528 778 652 855 Paulus,
669 781 715 863 Q.
761 784 879 858 hermus,

193 859 236 931 C.
248 861 393 935 Fannius,
410 881 533 942 quorum
543 861 657 927 habetis
672 865 824 944 cognitam
834 876 880 924 ro·

191 942 337 1011 luntatem
352 942 383 1001 in
396 941 627 1022 rempublicam,
638 961 769 1026 eamque
783 963 880 1024 perpe·

195 1044 275 1084 tuam
285 1020 371 1104 atque
386 1020 587 1096 constantem,
597 1023 791 1097 muntiant,se
802 1020 879 1091 Pom

215 1107 252 1167 eii
275 1102 473 1167 conveniendi
490 1105 576 1163 causi
590 1101 753 1176 'devertiss'e
777 1103 879 1164 Massi·

192 1126 264 1247 iiam
272 1204 423 1265 ,eumque
442 1181 612 1265 eognoviffe
629 1186 815 1265 paratissimo
824 1183 879 1244 eni·

194 1288 269 1339 mo,
287 1281 319 1324 ut
333 1285 399 1324 cum
418 1263 471 1324 suis
484 1266 576 1346 copiis
590 1266 645 1326 itet
660 1264 703 1325 ad
717 1263 876 1340 Mutinam,

193 1348 225 1407 ni
245 1362 396 1407 vereretur
416 1362 626 1412 ueteranorum
647 1346 767 1407 animos
791 1342 878 1406 offen-

195 1427 276 1488 dere.
308 1423 356 1485 Est
376 1427 449 1487 verb
468 1423 530 1506 ejus
547 1426 635 1507 patris
652 1423 753 1501 filins,
769 1426 818 1508 qui
834 1423 878 1486 sa-

195 1510 311 1590 pienter
328 1505 455 1567 faciebat
469 1527 535 1567 nou.
550 1508 646 1573 minus
660 1506 754 1569 multa
768 1551 784 1579 ,
798 1505 878 1588 quim

194 1588 320 1650 sortiter.
346 1584 447 1683 itaque
469 1587 625 1668 intelligitis
648 1587 682 1649 &
700 1589 832 1649 animuum
853 1589 876 1649 ei

194 1670 299 1753 praestb
317 1665 418 1743 furffe,
436 1686 491 1728 nee
509 1667 666 1729 eonsilium
680 1666 815 1729 defuiffe·
866 1734 868 1739 ,

241 1770 287 1824 14.
314 1749 413 1830 Atque
430 1751 518 1808 etiam
536 1748 593 1809 hoc
609 1746 656 1807 Μ.
674 1741 795 1830 Lepido
812 1770 876 1830 pro·

193 1830 355 1893 videndum
368 1828 409 1890 est
422 1873 432 1901 ,
450 1849 488 1890 ne
501 1829 572 1911 quid
581 1832 784 1910 arrogantius,
796 1828 875 1911 quim

194 1909 258 1992 ejus
283 1931 382 1971 mores
405 1907 528 1984 ferunt,
556 1907 654 1970 fecere
679 1910 822 1971 videatur.
847 1907 873 1968 Si

193 1995 273 2054 enim
293 2013 347 2052 nos
370 1992 499 2052 exercitu
516 2008 625 2066 terret,
643 2010 707 2050 non
730 1991 877 2060 meminit,

192 2072 276 2137 illum
296 2073 453 2132 exercitum
470 2069 584 2131 senarius
602 2115 612 2144 ‚
632 2071 797 2154 populique
817 2069 875 2130 Ro-

192 2154 299 2224 mani,
324 2169 410 2233 atque
440 2151 579 2212 universae
603 2151 772 2233 reipublicae
796 2149 876 2223 esse,

192 2255 258 2295 non
273 2231 364 2294 suum.
390 2231 433 2291 At
452 2233 493 2290 uti
514 2229 611 2312 potest
632 2254 688 2314 pro
711 2233 775 2294 suo.
800 2229 874 2311 Quid

192 2314 283 2377 tum?
308 2315 444 2375 omniane
469 2314 538 2374 viris
561 2313 673 2388 bonis,
697 2335 762 2395 quae
785 2311 873 2373 facere

190 2395 325 2478 poffunt‚
341 2391 472 2457 facienda
489 2392 575 2454 sunt?
594 2395 722 2455 etiamne
738 2398 761 2455 si
771 2394 872 2474 turpia,

191 2480 216 2537 si
233 2472 391 2557 perniciosa
408 2474 512 2536 erunt?
530 2475 554 2533 si
568 2474 665 2536 facere
679 2477 802 2536 omnino
816 2493 874 2533 non

190 2556 312 2619 licebit?
334 2555 402 2636 quid
419 2572 517 2616 autem
538 2558 667 2638 turpius,
683 2572 735 2615 aut
752 2553 873 2627 foedius,

191 2656 240 2697 aut
259 2636 339 2718 quod
357 2637 449 2696 minus
467 2635 591 2711 deceat,
610 2637 698 2718 quim
721 2651 822 2696 contra
833 2633 875 2693 se·

190 2734 290 2778 netum
313 2762 323 2791 ‚
352 2733 453 2776 contra
481 2719 593 2792 cives,
621 2733 726 2778 contra
755 2717 875 2797 patriam

189 2799 347 2861 exercitum
367 2796 583 2878 ducere?·quid
601 2799 675 2860 verb
690 2818 740 2858 ma
762 2798 770 2812 ’
801 2798 876 2855 vitu·

187 2876 350 2954 perandum
363 2919 375 2948 ,
392 2877 480 2958 quim
495 2877 527 2939 id
541 2876 659 2955 fecere„
672 2817 831 2960 quoti'irou
844 2875 876 2935 li·

75 3173 290 3426 m
