2125 3784
172 342 225 418 62
355 390 358 397 ·
397 340 621 413 orario

171 477 218 532 te,
228 473 374 538 tamquam
386 454 423 516 de
438 458 618 516 caeremoniis
627 447 768 529 violatis,
782 466 861 538 ψει·

170 543 252 600 ritur.
276 536 334 597 Sed
352 552 450 596 tamen
462 535 589 614 majores
604 535 694 596 nostri
712 539 745 595 in
762 536 861 596 domi·

171 639 241 680 num
260 618 297 677 de
312 616 399 677 servo
415 618 502 696 quaeri
521 617 699 688 noluerunt,
712 636 776 676 non
788 618 860 698 quin

171 695 863 860 rusgunmensis*rstimzitbm

171 858 286 920 tristius,
300 858 333 919 In
347 821 480 921 reum’de
490 855 579 917 servis
588 856 761 918 accusatoris
770 876 862 940 quum

171 943 306 1022 quaritur
323 983 334 1013 ‚
350 958 454 1001 verum
472 936 595 999 inveniri
613 935 732 1018 potest?

212 1021 263 1082 60.
285 1020 354 1102 Age
375 1020 451 1080 vero
466 1062 477 1092 ‚
495 1038 560 1099 quae
581 1036 669 1090 erat,
693 1033 744 1077 aut
765 1017 861 1099 qualit

171 1101 292 1183 quaestio
308 1099 319 1160 I
338 1099 420 1160 Heus
438 1116 469 1160 tu
487 1099 593 1159 Roscio
611 1097 725 1180 (verbi
739 1095 863 1193 causi)

172 1185 285 1243 cavesis
295 1184 446 1242 mentiare.
459 1178 583 1240 Clodius
595 1179 712 1238 insidias
725 1175 797 1238 fecit
808 1177 866 1237 Mi·

172 1262 235 1323 Ioni
247 1262 258 1320 i
271 1261 361 1322 Fecit.
376 1258 465 1321 Certa
480 1278 559 1320 cmx.
572 1258 676 1319 Nullas
689 1256 773 1319 fecit.
787 1256 864 1338 Spe·¹

173 1360 234 1402 rata
249 1341 377 1401 libertae.
395 1340 479 1420 Quid
487 1341 542 1400 hac
559 1338 715 1420 quaeffione
733 1338 866 1398 certius?

174 1420 277 1484 Subito
296 1423 402 1502 arrepti
422 1425 451 1480 in
468 1418 680 1502 questionem,
699 1432 802 1479 tamen
821 1417 866 1480 se·

173 1517 310 1584 parantur
327 1503 480 1573 necteris,
499 1501 532 1560 &
546 1503 576 1560 In
598 1521 676 1560 arcas
694 1498 866 1578 conjiciun-

118 1585 121 1589 ’
173 1600 242 1656 tur,
262 1603 300 1644 ne
324 1585 389 1665 quia
405 1600 472 1642 cum
491 1583 525 1641 iis
544 1581 675 1664 colloqui
699 1582 803 1661 possit.
824 1579 867 1640 ln

173 1681 291 1724 centum
302 1664 362 1722 dies
375 1680 465 1743 penes
479 1660 675 1723 accusatorem
688 1680 781 1743 quum
796 1658 868 1721 suis·

173 1742 257 1816 sent,
274 1743 311 1802 ab
328 1761 365 1802 eo
382 1740 446 1821 ipso
461 1741 628 1803 accusatore
641 1740 776 1822 produffi
788 1741 864 1802 sunt.

174 1821 259 1903 Quid
275 1823 329 1882 hac
343 1818 499 1904 quaestione
513 1821 570 1882 dici
585 1821 681 1904 potest
698 1821 866 1906 integrius?

177 1903 247 1987 quid
263 1901 475 1984 incorruptius?
776 1936 780 1943 -

216 1984 355 2044 XXIII.
379 1983 513 2064 Quodsi
534 1983 666 2044 nondum
682 1981 746 2043 satis
766 1984 866 2044 cerni·

175 2067 233 2137 tis,
256 2084 344 2144 quum
362 2084 407 2124 res
425 2063 483 2144 ipsa
506 2081 573 2138 tot,
595 2082 655 2124 tam
673 2064 756 2123 claris
777 2084 868 2147 argu·

177 2146 283 2205 mentis
299 2188 308 2217 ‚
329 2144 469 2226 signisque
485 2144 600 2220 luceat,
615 2145 687 2226 puri
703 2161 804 2204 mente
821 2161 866 2204 ar·

175 2245 234 2306 que
250 2227 362 2365 inteffrai
372 2224 518 2285 Milonem
529 2226 629 2298 ‚nullo
645 2223 753 2285 scelere
771 2226 866 2302 imbu·

175 2325 258 2379 tum,
278 2327 317 2366 nu
329 2307 358 2366 lo
376 2322 456 2366 metu
475 2308 681 2385 perterritum,
698 2305 776 2365 nulli
791 2326 866 2366 con-

174 2386 291 2448 scientia
311 2389 526 2458 exanimatum,
547 2385 675 2446 Romam
690 2384 841 2447 revertisIe
852 2405 867 2459 ;·

175 2467 390 2537 recordaminI,
411 2485 464 2545 per
484 2465 557 2525 deos
575 2467 776 2527 Immortalesi
797 2486 867 2548 quae

175 2548 262 2610 suerit
284 2548 415 2608 celeritas
430 2543 539 2605 reditis
553 2543 633 2626 ejus:
656 2548 704 2626 qui
726 2545 869 2628 ingressus·

176 2631 207 2687 in
225 2627 340 2703 forum,
356 2626 476 2688 ardente
494 2629 592 2687 curii:
611 2647 675 2708 quae
692 2627 869 2708 magnitudo

177 2711 268 2767 animi
277 2755 287 2784 ‚
296 2713 344 2791 qui
359 2709 459 2769 vuitus
471 2753 480 2781 ‚
491 2728 554 2788 quae
570 2709 675 2767 orario.
694 2704 800 2788 Neque
812 2719 869 2769 ve·'

178 2787 212 2845 rb
232 2786 261 2845 se
290 2790 402 2869 populo
428 2789 519 2848 solirm
539 2831 548 2860 ‚
577 2787 626 2847 sed
646 2789 732 2866 etiam
756 2787 869 2848 senatui

179 2867 323 2929 commisit
336 2889 343 2930 r
360 2890 457 2951 neque
467 2867 576 2930 senatui
587 2867 700 2947 modo,
714 2868 768 2931 sed
777 2871 872 2936 etim·

119 3314 307 3462 Α
