2125 3784
269 266 346 365 258
387 258 521 335 Iulli.
541 258 844 333 Auroram

311 380 360 442 26.
377 379 461 459 Quid
477 399 535 461 ego
557 378 595 439 de
610 377 646 441 L.
656 375 764 439 Cinna
780 378 937 461 loquarld·

267 459 313 544 jus
330 460 453 542 speciata
472 460 570 519 multis
582 457 758 542 magnisque
773 461 938 544 rebursiugu

268 542 334 602 laris
359 542 507 622 integritas
537 541 630 599 minias
661 538 871 601 admirabilem
893 542 940 603 tert

267 619 351 701 hujus
368 619 560 681 honestissimi
576 620 642 691 fatti
659 620 815 701 gloriam
830 623 878 707 qui
896 642 942 682 ou·

266 706 337 762 trino
367 703 549 783 provinciam
579 720 617 760 ne
639 700 715 760 lexit
738 720 747 759 :
775 722 866 783 quam
892 704 943 763 itett

267 802 315 841 ma
338 803 377 840 no
394 783 492 842 animo
508 781 542 841 dt
561 720 707 841 condenti
728 779 900 844 Gentius
912 802 943 843 te

267 802 948 1003 tristettrttttuam

520 986 527 1000 .
579 984 586 999 .
768 982 779 1016 4
880 985 889 1001 .

268 1026 377 1082 tonius.
403 1020 434 1082 O
452 1020 568 1083 felicem
592 1025 777 1102 utrumque!
803 1022 875 1083 nihil
889 1024 949 1083 euim

268 1102 441 1162 maluerunt.
450 1099 950 1163 C.AntoniusMacedoniam:ltmc

268 1202 398 1323 ququue·
410 1181 546 1242 felicem!
563 1181 637 1276 hanc
655 1184 749 1276 'euim
757 1182 842 1324 <geru
910 1183 950 1245 lte·

292 1283 308 1323 e
331 1279 360 1321 at
391 1283 420 1322 ιιι
450 1282 501 1322 ore
551 1282 727 1322 revinctam.
792 1305 801 1325 .
883 1282 951 1323 vum

269 1342 422 1403 Africam:
440 1342 511 1401 nihil
529 1284 643 1402 ieticius
661 1362 669 1401 :
690 1342 793 1403 modb
820 1346 897 1405 enim
921 1362 948 1403 ea

269 1421 370 1483 Africa
390 1421 559 1501 decederet,
573 1423 605 1483 δι
623 1424 705 1503 quasi
726 1422 867 1485 divinant
881 1422 907 1485 se
918 1442 949 1483 rt·

270 1504 419 1574 diturum,
442 1502 515 1564 duos
534 1505 647 1584 legatos
663 1502 763 1563 Utica
788 1506 949 1587 reliquerat:

270 1582 378 1645 deinde
388 1584 434 1643 M.
447 1583 538 1644 iccius
550 1583 693 1655 Siciliam,
704 1583 748 1662 Q.
760 1581 882 1645 Cassius
894 1584 952 1645 Hir·

269 1667 386 1745 paniam
400 1685 407 1722 ε
421 1685 481 1723 non
501 1665 618 1737 habeo,
637 1664 707 1743 quid
728 1662 859 1745 firspicet
872 1686 886 1725 ι·
897 1665 951 1725 dua·

270 1765 336 1805 rum
352 1742 438 1805 credo
457 1746 673 1827 provinciarum
696 1742 794 1805 sortes
813 1746 906 1805 minias
919 1744 950 1804 di·

276 1829 359 1886 vittas
382 1823 472 1885 fuisse.

312 1905 369 1964 XI.
385 1904 416 1965 Ο
435 1904 472 1966 C.
489 1901 611 1986 Caesar(
626 1902 850 1969 adolescentem
869 1902 950 2045 εἰς·

272 1984 302 2044 lo
317 1983 330 2085 J
349 2006 435 2067 quam
450 2002 482 2045 tu
499 1985 618 2045 salutem
636 1985 807 2065 reipublicae
822 1989 901 2047 attu'
924 1984 949 2044 'l

272 2064 951 2228 lllllll‘llllilll?{illidii

681 2188 691 2218 9

271 2223 300 2284 se
323 2225 416 2286 nens?
434 2230 542 2287 etenim
561 2229 591 2285 in
615 2227 760 2285 concione
778 2224 908 2297 dixerat,
927 2224 951 2285 le

272 2246 422 2365 ctidodem
442 2306 507 2365 fore
530 2307 627 2378 urbis,
647 2305 736 2387 usque
757 2305 795 2364 ad
813 2306 952 2367 Kalendas

272 2384 366 2446 Maias
383 2387 421 2445 ad
434 2388 535 2446 urbem
557 2387 714 2446 exercitum
732 2383 952 2446 habiturumo

271 2468 440 2546 praeclarum
460 2465 609 2526 custodem
624 2469 725 2526 ovium
736 2463 750 2546 (
762 2483 795 2525 ut
803 2468 884 2529 aiunt
894 2466 953 2548 >lu-

271 2547 362 2626 pum!
381 2544 509 2606 custosne
527 2547 623 2618 urbis,
641 2568 678 2607 an
696 2547 830 2626 direptor
849 2548 881 2607 δι
903 2562 955 2607 νε-

272 2643 355 2685 xaror
376 2626 444 2688 eliet
461 2627 630 2688 Antonius?
659 2626 696 2686 Et
714 2626 837 2708 quidem
862 2625 892 2687 se
912 2629 955 2686 in·

272 2709 424 2765 troiturum
447 2709 475 2765 in
502 2709 604 2777 urbem
629 2708 723 2779 dixit,
758 2709 957 2787 exiturumque

271 2803 361 2864 quum
376 2788 474 2849 vellet.
496 2788 578 2870 Quid
592 2788 684 2849 illud?
704 2807 806 2849 nonne
826 2789 958 2850 audiente

166 3181 324 3298 q
371 3334 376 3341 .
