2125 3784
231 421 326 473 rao
353 403 402 473 M.
423 402 705 472 MAacarro.
761 418 813 496 93

133 516 207 591 verb
226 536 339 599 partem
362 520 442 601 quasi
461 518 509 579 suo
528 515 590 596 jure
613 516 739 575 Fortuna
761 519 817 575 sibi

135 598 275 671 vindicam
291 601 321 658 ὃ(
334 600 473 679 quidquid
485 596 525 658 est
537 595 671 678 prospere
686 595 815 678 gestum,

135 677 165 736 id
181 698 258 758 pene
273 700 366 738 omne
381 680 459 738 ducit
475 678 564 738 suum.

171 777 203 834 7.
230 758 273 818 At
292 760 366 818 verb
384 756 466 839 hujus
484 760 583 841 gloriae
603 802 612 832 ,
639 755 677 818 C.
697 755 817 832 Caesar,

133 859 223 918 quam
246 858 277 897 es
296 840 383 917 paulo
396 841 461 900 ante
479 840 621 919 adeptus,
640 836 747 898 socium
766 837 820 918 ha·

132 919 188 978 bes
205 919 370 978 neminem:
389 936 483 981 totum
502 921 579 994 hoc,
596 935 820 1000 quantumcum-

134 1017 195 1079 que
213 995 276 1072 est,
293 1000 372 1080 quod
380 1001 459 1062 certe
475 1003 633 1060 maximum
646 996 708 1070 est,
724 1015 820 1058 totum

136 1077 196 1153 est,
209 1080 345 1173 inquam,
358 1097 457 1141 tuum:
472 1081 540 1141 nihii
552 1082 606 1141 sibi
620 1099 656 1141 err
672 1077 721 1138 ista
736 1078 822 1139 laude

136 1161 291 1233 centurio,
309 1159 377 1219 nihil
401 1160 573 1242 praefeiius,
596 1159 665 1220 nihil
677 1159 794 1219 'cohors
811 1203 822 1232 ‚

136 1239 209 1298 nihil
226 1256 319 1299 turma
333 1241 474 1323 decerpit.
496 1241 578 1321 Quin
596 1243 683 1300 etiarn
700 1238 747 1299 illa
763 1237 823 1319 ipsa

137 1338 237 1376 rerum
257 1319 443 1383 humanarum
460 1321 605 1393 domina,
626 1320 773 1393 Fortuna,
791 1320 823 1379 in

140 1396 217 1457 istius
232 1397 261 1460 se
277 1399 446 1469 societatem
459 1403 559 1484 gloriae
571 1421 631 1461 non
648 1396 751 1458 offert:
770 1400 824 1459 tibi

139 1478 241 1539 cedit:
262 1496 342 1540 tuam
357 1480 386 1542 se
406 1481 463 1544 effe
480 1499 574 1542 totam
593 1525 603 1553 ‚
621 1480 654 1540 ὃ(
676 1481 825 1559 propriam

137 1558 257 1620 fatetur.
279 1560 450 1640 Numquam
477 1564 555 1620 enim
580 1561 730 1618 temeritas
759 1577 827 1617 cum

137 1626 281 1717 sapientia
302 1638 525 1711 commiscetur,
544 1655 599 1699 nec
619 1635 657 1694 ad
676 1635 826 1699 consilium

140 1717 222 1789 casus
242 1718 411 1791 admittitur.
443 1778 446 1783 ,
516 1764 519 1769 -
877 1775 886 1783 .

144 1868 147 1873 ,
181 1797 249 1860 ΙΙΙ,
273 1796 421 1858 Domuisti
443 1814 546 1883 gentes
562 1796 740 1859 immanitate
757 1795 826 1859 bar-

139 1880 225 1940 baras
244 1924 254 1953 ‚
276 1879 460 1946 multitudine
478 1878 707 1944 innumerabiles
725 1923 735 1950 ‚
754 1878 826 1938 locis

141 1956 285 2032 infinitas,
300 1961 381 2025 omni
394 1961 543 2040 copiarum
557 1977 665 2040 genere
680 1958 828 2021 abundan-

143 2056 209 2112 tes;
226 2039 277 2108 >sed
294 2056 393 2099 tamen
410 2059 445 2103 ea
464 2037 580 2113 vicisti,
600 2058 671 2119 quae‘
689 2038 721 2099 &
739 2057 827 2100 natu·

144 2140 226 2192 ram,
246 2120 279 2180 &
300 2121 519 2193 conditionem,
541 2138 573 2180 ut
590 2121 668 2187 vinci
690 2117 826 2200 poffent,

145 2199 311 2281 habebant:
330 2201 416 2267 nulla,
430 2198 473 2263 est
488 2201 565 2260 enim
585 2216 663 2265 tanta
675 2202 742 2274 uis,
762 2222 827 2281 quae

145 2301 208 2342 non
224 2279 303 2343 ferro
320 2276 476 2353 aovir'ibus
493 2280 660 2353 debilitari,
678 2279 828 2362 frangique

169 2362 250 2421 ussit.
272 2360 411 2421 Animum
425 2363 565 2434 vincere,
581 2361 755 2425 iracundiam
775 2382 829 2422 co·

146 2383 267 2514 iiibere,
280 2439 429 2511 vistoriam
441 2456 623 2523 temperare,
637 2439 829 2505 adversarium

146 2522 319 2595 nobilitate,
336 2525 472 2604 ingenio,
491 2525 597 2589 virtute
619 2518 829 2600 praestantem

146 2620 211 2675 non
228 2601 318 2661 modo
337 2603 477 2665 extoliere
494 2599 659 2679 jacentem,
675 2598 829 2663 sedetiam

146 2679 323 2761 amplificate
336 2680 398 2759 ejus
411 2680 556 2762 pristinam
569 2679 737 2758 dignitatem
748 2698 757 2748 3
770 2678 831 2737 haec

147 2764 198 2843 qui
217 2759 324 2834 faciat,
341 2783 404 2829 ¹uon
422 2781 480 2842 ego
497 2780 565 2820 eum
580 2777 647 2816 curn
662 2755 776 2815 summis
788 2757 832 2826 vif

146 2830 184 2906 'ris
206 2862 347 2921 comparo
357 2884 368 2912 ,
379 2840 429 2907 sed
442 2841 618 2907 simillimum
633 2836 690 2897 deo
703 2834 826 2915 judico„

188 2920 367 3007 gur-ltaque,
380 2917 530 2991 &Casan
539 2916 678 3011 ‚lbtili'cm
693 2917 833 2985 mastau-
