2125 3784
298 246 634 376 „panim
671 251 746 375 XI.
795 317 872 403 413

182 434 296 503 magno
319 422 470 503 periculo,
497 442 559 481 non
584 421 659 481 tueri
681 419 801 494 solum,
823 415 876 480 sed

183 504 274 569 eriam
295 502 461 566 commodis
482 520 589 583 augere
611 499 708 562 debeo
724 496 801 583 :'qui
824 521 876 560 au-

183 599 247 642 tem
266 583 433 662 quiescunt,
455 599 487 657 ut
502 578 582 642 sexta
601 581 635 642 bd
649 581 752 642 odiam
772 580 877 663 legio,

182 653 214 721 in
228 683 333 744 magna
350 663 442 744 gloria
458 663 489 723 &
506 660 591 743 leude
609 658 764 743 ponendos
782 678 874 742 puto:

184 744 310 807 comites
328 745 402 803 verb
421 743 564 815 Antonii,
582 745 631 824 qui
649 741 802 824 postquam
821 743 878 802 be·

183 821 288 883 neficia
317 820 437 883 Caesaris
469 822 693 898 comederunt,
726 821 876 884 consulem

183 903 368 986 designatum
396 903 561 978 obsident,
587 904 653 964 huic
679 896 745 964 urbi
766 903 845 963 ferro
864 948 876 976 ‚

183 978 303 1066 ignique
326 986 518 1058 minitantur,
536 982 617 1044 Saxae
635 975 664 1044 se
683 985 716 1045 δι
740 978 880 1066 Caphoni
899 994 901 998 ’

173 1064 385 1140 ¹tradiderunt,
405 1065 441 1125 ad
464 1063 594 1139 facinus,
614 1066 801 1146 praedamque
823 1086 877 1124 na·

183 1148 220 1204 ris
231 1191 240 1221 ,
253 1162 323 1206 num
339 1148 402 1226 quis
418 1143 479 1219 est,
493 1146 542 1226 qui
556 1145 683 1205 tuendos
698 1145 805 1226 putet?
820 1143 876 1204 Er·

183 1247 225 1309 go
243 1243 292 1286 aut
306 1227 378 1287 boni
393 1223 477 1296 sum,
490 1246 570 1363 ἕως
584 1222 671 1303 eriam
683 1247 809 1299 ornare3
824 1242 875 1286 aut

184 1308 302 1388 quieti,
331 1326 406 1386 quos
432 1324 604 1366 conervare
632 1304 796 1379 debemus3
824 1322 875 1366 aut

185 1386 293 1467 impii,
313 1406 437 1466 quorum
456 1402 557 1445 contra
576 1382 728 1460 furorem,
753 1387 785 1446 &
804 1387 874 1447 bei«

184 1460 267 1539 lum,
290 1465 322 1533 ὅ(
342 1462 413 1544 justa
431 1486 510 1526 arma
528 1467 668 1547 cepimus.
851 1537 854 1544 Ι

227 1545 304 1607 XV.
365 1567 468 1606 uorum
481 1547 565 1628 igitur
583 1563 790 1607 veteranorum
808 1547 875 1605 ani*

184 1642 252 1707 mos
264 1648 302 1687 ne
320 1648 339 1687 ο
363 1626 522 1698 eudemus,
537 1625 696 1688 veremur?
711 1642 885 1702 eorumne,-

185 1711 237 1790 qui
255 1705 298 1767 D.
316 1705 438 1767 Brutum
456 1706 613 1769 obsidione
633 1710 752 1791 cupiunt
764 1707 873 1777 liberae

183 1788 243 1850 re?
260 1788 361 1871 quibus
379 1809 469 1870 quum
486 1786 568 1848 Bruti
583 1786 654 1849 salus
670 1809 735 1848 cara
751 1790 786 1848 sit
799 1831 810 1862 ‚
823 1786 875 1868 qui

183 1860 301 1965 poliunt
321 1866 415 1930 Cassii
432 1867 544 1930 riomen
563 1866 675 1930 odisse?
694 1891 730 1931 au
747 1888 875 1944 eorum,

183 1952 242 2033 qui·
255 1942 379 2032 utrisque
402 1952 488 2012 armis
506 1967 613 2010 vacam
629 1949 641 2010 ἓ
660 1971 721 2011 non
741 1970 849 2011 vereor

184 2053 225 2093 ne
242 2032 363 2093 acerbus
373 2034 447 2107 *civis
484 2031 613 2114 uisquam
625 2030 743 2092 istorum
755 2032 810 2106 sit,
824 2051 874 2112 qu!

185 2113 250 2173 otio
269 2112 455 2173 deleuantur.
511 2115 586 2174 ertio
604 2115 679 2174 verb
697 2114 797 2195 generi
811 2132 874 2173 non

185 2193 309 2255 militum
337 2209 564 2267 veteranorum,
588 2193 638 2254 sed
663 2196 876 2275 importunissi-

185 2294 302 2336 morum
322 2273 447 2335 bostium
467 2277 590 2355 ,icupio
608 2273 705 2355 -queim
727 2274 877 2335 acerbissi-

186 2374 267 2416 mum
284 2354 418 2416 dolorem
436 2353 575 2416 inurere:
597 2370 771 2435 quamquam
789 2398 799 2426 ‚
823 2352 877 2413 Pa·

185 2451 244 2495 tres
262 2434 435 2516 conscripti,
447 2433 597 2518 quousque
615 2434 745 2496 dicemus
761 2433 877 2496 senten·

185 2518 239 2575 rias
258 2514 646 2577 veteran‘orum.arbitratu·?
668 2514 750 2595 quod
770 2535 875 2576 eorum

185 2610 300 2656 rantum
319 2592 462 2653 fastidium
480 2593 520 2654 est
531 2592 622 2674 ‚·quae
640 2612 720 2654 tanta
734 2615 876 2675 arrogan-

185 2677 254 2747 tia,
274 2689 305 2732 ut
324 2674 361 2732 ad
378 2674 525 2734 arbitrium
545 2674 662 2734 illorum
683 2676 876 2756 imperatores

187 2757 277 2818 etiam
298 2753 478 2836 deligamus?

230 2853 279 2919 39.
303 2833 370 2918 Ego
389 2851 487 2900 autem
505 2831 520 2919 (
537 2833 701 2981 dicendums
711 2831 752 2896 est
774 2835 877 2912 enim,

721 2936 751 3000 u]
