2125 3784
352 414 449 474 erro
474 401 695 475 Minonis.
823 413 876 495 75

179 512 315 580 bonores
328 517 522 599 assequeretur
541 517 743 598 amplissimos.
768 514 798 576 Si
815 508 878 577 fae·
915 516 926 531 “

186 616 248 658 tum
258 601 347 660 vobis
360 619 422 658 non
435 600 609 678 probaretur
620 596 634 678 (
645 618 815 680 quamquam
849 597 879 657 ul

184 697 303 761 poterat
315 678 391 738 salus
403 678 452 737 sua
464 681 568 772 cuique
585 699 645 738 non
659 678 792 761 probari?
804 619 878 761 )sqed

183 775 285 820 samen
306 761 330 817 si
348 760 443 818 miniss
459 757 604 818 sorrrssimi
624 761 676 820 viri
693 761 783 819 virtus
797 761 875 820 civi·

184 840 239 899 bus
265 856 350 920 grata
369 834 531 913 cecidisset3
545 858 652 922 magno
676 842 775 899 animo
800 860 874 901 con·

183 918 333 999 stuntique
347 917 462 979 cederet
475 937 511 979 ex
526 922 557 979 in
578 938 639 979 rara
657 922 793 980 civitate:
805 935 874 981 nam

187 999 261 1080 quid
275 995 343 1058 esser
354 1001 506 1081 ingratius,
522 940 611 1081 quffm
631 998 720 1061 laeran'
739 1018 876 1075 ceteros,

189 1077 292 1161 lugere
308 1094 373 1138 eum
397 1079 511 1156 solum,
532 1097 655 1163 propter
674 1100 763 1164 quem
786 1084 876 1142 cereri

185 1159 370 1219 letarentur?
498 1170 502 1177 '

190 1258 199 1268 ·
227 1239 279 1299 82.
292 1239 482 1321 Quamquam
495 1239 555 1300 hoc
570 1240 671 1300 auimo
689 1235 802 1321 semper
821 1238 880 1301 sui-v

187 1337 253 1379 mus
273 1341 377 1381 omnes
394 1324 424 1380 in
439 1323 541 1402 patriae
561 1320 758 1402 proditoribus
778 1321 878 1401 oppri-

186 1399 319 1475 mendis,
341 1418 394 1473 ur,
434 1404 554 1461 uoniam
572 1400 669 1461 nostra
690 1400 783 1461 futura
807 1398 878 1462 effer

184 1480 302 1562 gloria,
324 1422 487 1563 pericslurn
513 1500 656 1563 quoque,
684 1481 717 1541 δι
738 1481 880 1542 invidiam

183 1558 313 1621 nostram
331 1578 501 1640 putaremus
524 1581 534 1620 r
559 1582 629 1618 nam
649 1580 714 1638 quse
731 1560 804 1618 milri
826 1563 882 1640 ipsi

183 1640 343 1715 tribuenda
359 1640 422 1711 laus
435 1636 525 1709 elles,
542 1656 633 1717 quum
639 1644 755 1696 'tautum
764 1639 794 1697 in
807 1654 878 1698 corr·¹

183 1720 280 1780 sularu
299 1725 371 1778 meo
387 1736 444 1797 pro
461 1716 547 1777 vobis
562 1736 596 1793 sc
612 1714 708 1777 liberis
719 1715 818 1779 vestris
828 1739 879 1781 au-

183 1800 232 1861 sus
251 1797 339 1860 essem
349 1842 362 1869 ,
380 1799 403 1855 si
418 1796 469 1869 id,
485 1797 567 1877 quod
582 1797 727 1872 conabar,
740 1800 801 1859 sine
815 1814 877 1861 mai
931 1821 936 1831 ·

184 1883 270 1940 ximis
289 1877 523 1938 dimic'srionibus
543 1880 616 1938 meis
638 1896 687 1937 me
708 1875 765 1938 elle
792 1881 879 1940 ausu·

186 1980 253 2020 rum
269 1958 442 2019 arbitrarer?
460 1978 526 2039 quae
541 1959 647 2018 mulier
660 1957 829 2018 sceleratum
843 1978 878 2021 ae

186 2039 380 2122 perniciosum
393 2041 490 2098 civem
504 2037 641 2099 occidere
662 2058 723 2098 non
736 2038 877 2118 auderes,

188 2123 212 2180 si
247 2120 386 2182 ericulum
398 2138 460 2179 uon
478 2119 614 2182 timeret?
630 2117 785 2200 Proposita
801 2123 878 2183 invi·
966 2143 976 2148 ·

188 2140 255 2274 dis,
267 2216 383 2274 morte,
393 2199 499 2281 poena,
512 2204 561 2284 qui
573 2199 663 2260 nihilo
673 2199 785 2283 segnius
796 2205 876 2267 rem'·

187 2281 333 2363 publicam
359 2280 511 2353 defendit,
532 2284 556 2342 is
574 2283 620 2342 vir
636 2283 709 2342 vere
730 2284 875 2363 putandus

187 2360 240 2423 est.
260 2360 365 2444 Populi
375 2363 449 2444 grati
460 2360 522 2434 est,
536 2363 658 2444 praemiis
669 2359 784 2422 afficere
792 2364 873 2427 bene

186 2444 309 2504 meritos
332 2443 370 2502 de
389 2441 538 2523 republica
552 2445 639 2503 ''cives
661 2461 672 2516 ;
696 2443 751 2504 viri
768 2442 873 2519 fortis,

187 2529 228 2584 ire
246 2521 387 2604 suppliciis
402 2523 522 2605 quidem
546 2524 683 2598 moveri,
706 2539 739 2583 ut
758 2523 876 2586 fortiter

187 2601 286 2664 fecisse
301 2604 449 2683 poeniresr.

229 2682 281 2763 83.
300 2682 506 2763 Quamobrem
529 2696 658 2743 ureretur
677 2680 782 2741 eadem
800 2698 878 2740 con·

185 2763 317 2826 sessione
330 2762 370 2824 T.
382 2762 515 2838 Annius,
530 2764 588 2844 qub
602 2760 715 2834 Ahala,
741 2760 797 2841 qui
811 2758 875 2822 Na·

186 2848 264 2918 sica,
277 2845 334 2927 quir
344 2843 503 2927 Opimius,
521 2844 578 2927 qus
589 2841 719 2916 Marius,
737 2841 792 2922 qui
805 2863 876 2904 nos-

185 2929 327 3010 metipsi:
340 2926 393 3000 δι,
410 2925 435 2986 si
455 2939 535 3006 gruta
548 2920 815 3064 κΐρυὺῦεἳςῼὶτ,
827 2924 878 2996 laeq

739 3025 760 3085 ¹1
860 3036 862 3041 ·
