2125 3784
287 362 607 445 Prltrmtcd
634 366 760 445 xm.
793 375 871 472 463

183 475 244 564 sog
259 489 389 551 adhuca
406 510 454 550 me
472 487 511 550 est
537 489 675 554 tributum
700 492 797 553 Hirtio
822 515 873 554 or.

148 591 153 598 ’
184 571 379 636 mamertum?
399 591 467 631 nam
487 564 592 630 Caesari
609 570 690 650 plura
712 574 744 633 &
761 574 874 655 majora

186 652 341 713 debentur.
365 650 537 731 Deceptum
552 668 650 711 autem
663 669 775 732 patrem
792 674 874 716 arne

186 731 333 795 Caesarem
352 732 448 798 dicere
464 730 575 792 audes?
590 729 721 807 Tu‚tu,
732 735 873 815 inquam,

185 812 266 873 illum
284 811 411 876 occidisti
421 813 645 894 Lupercalibus:
665 813 764 894 cujus,
779 816 872 877 homo

185 895 408 976 ingratissime,
438 890 597 957 flaminium
623 914 675 954 cur
704 894 838 976 reliquisti
860 895 875 956 l

187 973 249 1035 Sed
265 971 325 1053 jam
340 976 440 1036 videte
456 977 553 1057 magni
570 975 602 1034 &
619 976 685 1035 clari
705 978 769 1051 virij
779 976 874 1036 admi-

184 1055 306 1139 rabilem
327 1058 516 1137 gravitatem,
536 1072 623 1136 atque
642 1055 842 1117 constantiam.

226 1156 276 1211 42.
304 1137 382 1198 Mili
411 1140 518 1217 quidem
549 1141 676 1218 conflat,
707 1160 758 1197 nec
785 1159 872 1197 meam

185 1218 400 1288 contumeliam,
421 1240 469 1276 nec
484 1238 600 1275 meorum
611 1215 710 1295 ferre:
730 1239 779 1278 nec
798 1218 874 1300 dese·-

184 1314 241 1358 tere
263 1315 390 1380 partes,
418 1320 487 1377 quas
513 1297 662 1376 Pompeius
680 1300 795 1371 odivit,
823 1321 873 1360 nec

185 1397 329 1440 veteranos
340 1378 452 1457 sedibus
464 1377 527 1457 fitis
545 1379 646 1437 moveri
655 1380 720 1458 pati
730 1422 742 1449 ‚
753 1400 801 1452 nce
812 1383 875 1438 sin·

183 1461 264 1542 gulos
287 1460 328 1519 ad
343 1463 492 1520 cruciatum
514 1458 616 1528 trahi,
639 1480 688 1518 nec
707 1456 809 1536 fallere
830 1460 874 1537 fi·¹

185 1542 245 1601 dem
257 1584 270 1611 ‚
289 1562 368 1620 quam
386 1543 449 1599 dedi
465 1538 634 1600 Dolabellae.
658 1537 777 1598 Omitto
796 1539 849 1598 alia
864 1557 873 1598 z

179 1622 265 1700 fidem
281 1621 458 1693 Dolabella,
472 1617 636 1678 sanilissimi
649 1621 720 1689 viri,
741 1617 874 1680 deserere

184 1699 278 1761 homo
299 1703 361 1780 pius
381 1723 441 1760 non
460 1697 573 1780 potest:
594 1720 680 1779 quarn
701 1697 811 1758 fidem?
836 1719 872 1759 arr

185 1782 292 1862 optimi
303 1779 439 1863 cujusque·
452 1779 537 1841 caedis
549 1801 558 1853 ;
570 1781 646 1840 urbis
661 1779 693 1839 &
703 1778 790 1839 Iraliae
807 1801 874 1860 par-

184 1864 321 1936 titionis3
343 1861 396 1922 suis
420 1862 609 1934 dandarum,
633 1860 875 1942 diripiendarum-

183 1960 244 2026 que
284 1942 500 2005 revinciarurn?
520 1941 676 2024 namquid
695 1958 758 2002 erat
776 1941 875 2016 aliud,

184 2045 246 2108 quo
296 2024 370 2085 inter
395 2025 560 2085 Antonium
592 2023 625 2084 &
654 2021 874 2097 Dolabellam,

184 2107 396 2187 impurissimos
421 2105 601 2187 parricidas,
624 2102 736 2166 foedere
759 2126 793 2166 ac
815 2102 875 2179 fide,

184 2185 366 2250 sanciretur?

228 2286 279 2348 43.
304 2272 367 2329 Nec
380 2269 481 2349 Lepidi
490 2266 647 2346 fhcietatem
659 2267 765 2328 violare
774 2313 786 2338 ,
795 2269 877 2347 piis-¹
915 2326 918 2331 ,

184 2350 250 2410 simi
272 2350 398 2410 hominis.
427 2347 497 2409 Tibi
510 2367 579 2406 cum
597 2345 711 2427 Lepido
732 2345 875 2419 societas,
894 2331 914 2386 f

185 2447 235 2491 aut
253 2451 321 2489 curn
339 2430 419 2504 ullo,
439 2451 501 2490 non
519 2428 614 2487 dicam
632 2429 715 2487 bono
729 2428 815 2501 cive,
834 2427 877 2486 si·

186 2528 236 2572 cut
256 2510 306 2570 ille
328 2508 369 2570 est
386 2555 396 2584 ,
415 2510 465 2571 sed
486 2510 607 2570 homine
624 2508 716 2569 sano?
735 2507 769 2567 ld
790 2509 875 2588 agis,

185 2608 219 2652 ut
245 2589 391 2669 Lepidum
419 2607 468 2650 aut
495 2590 644 2669 impium,
671 2604 719 2648 auc
745 2585 875 2647 insanum

187 2669 340 2734 existimari
363 2671 436 2731 velis
460 2691 468 2730 :
496 2670 567 2729 nihil
592 2672 677 2749 agis:
698 2684 874 2748 quamquam

187 2751 329 2813 affirmare
345 2751 382 2813 de
399 2753 490 2812 altero
509 2747 624 2808 difficile
644 2746 705 2819 est,
720 2747 757 2808 de
780 2743 874 2827 Lepi·-

188 2832 229 2897 do
252 2831 407 2916 praesertim
424 2878 435 2910 ,
454 2851 543 2918 quem
561 2849 618 2914 ego
636 2847 765 2897 metuam
784 2847 874 2897 rrumq

599 2971 601 2974 ,
694 2906 772 2981 yir
