2125 3784
363 951 440 1042 P
463 948 551 1042 R
575 949 668 1044 O
727 952 867 1049 Μ.
911 950 1312 1046 MARC
1333 952 1727 1049 ELLO.

447 1176 827 1243 ORATIO
861 1179 1671 1263 QUADRAGESIMA.

355 1357 462 1428 Μ
483 1358 792 1430 Claudius
801 1360 1153 1430 Marcellus
1167 1411 1190 1448 ,
1214 1363 1324 1452 qui
1347 1382 1492 1431 ante
1512 1387 1732 1433 annos

465 1458 739 1549 quinque
752 1458 825 1524 in
847 1457 1180 1548 confitlatu
1196 1458 1490 1550 Caesarem
1499 1461 1734 1549 palam

346 1618 353 1623 .
445 1575 927 1645 oppugnaverat
970 1599 995 1632 ,
1069 1555 1226 1620 bello
1302 1556 1476 1620 civili
1519 1575 1742 1641 partes

447 1647 745 1736 Pompeii
752 1645 1052 1735 ficutus
1090 1669 1158 1711 eo
1190 1645 1393 1731 w'Ho,
1436 1647 1733 1737 Caesitrem

451 1762 715 1810 veterem
757 1740 959 1830 ficum
1022 1741 1345 1809 inimicum
1403 1762 1680 1812 metuens
1697 1792 1722 1827 ,

441 1838 805 1926 Mitylenas
851 1837 1194 1922 concessit,
1240 1838 1440 1928 ibique
1480 1839 1547 1906 in
1579 1838 1742 1934 stu·-

446 1933 579 2002 diis
599 1934 904 2002 bonarum
933 1932 1169 2000 artium
1193 1935 1468 2002 vivebat.
1502 1933 1722 2025 Quum

459 2048 672 2097 autem
715 2055 787 2097 m
813 2029 1056 2120 finatu
1095 2054 1137 2096 a
1184 2029 1260 2097 L.
1289 2028 1530 2121 Pisbne
1551 2054 1722 2098 mert-

456 2126 609 2193 tioe
657 2146 720 2193 tt
737 2123 922 2214 fac'la
947 2127 1020 2192 de
1046 2126 1385 2212 Marcella,
1422 2123 1488 2196 δ’
1524 2151 1717 2218 quum

451 2220 526 2288 C.
651 2223 917 2289 arcellus
957 2220 1034 2312 fi
1080 2223 1174 2288 ad
1206 2223 1398 2313 pedgs
1452 2224 1718 2314 Caefitris

447 2313 757 2413 abjeciffit
779 2367 802 2402 ‚
859 2314 1111 2385 canelus
1136 2317 1407 2409 sinatus
1454 2322 1715 2410 confier-

455 2412 623 2479 rexit
643 2464 674 2497 ,
727 2411 789 2478 δ’
830 2415 923 2480 ad
953 2415 1008 2477 C
1008 2412 1248 2502 cesarem
1275 2413 1561 2504 fitpplex
1608 2439 1713 2482 ac-

457 2509 658 2579 cessit.
708 2506 868 2576 Tum
915 2508 1162 2599 Caefitr,
1208 2510 1509 2600 accufiztci
1544 2534 1713 2579 acer-

449 2604 645 2671 bitate
665 2604 987 2685 Marcelli,
1019 2605 1258 2694 repent&
1293 2627 1517 2692 praeter
1529 2605 1722 2693 spem

437 2699 968 2790 dixitfistnatui
993 2701 1246 2796 roganti
1273 2701 1346 2764 de
1372 2699 1706 2779 Marcello,

433 2819 518 2863 ne
562 2795 837 2863 hominis
890 2797 1138 2887 quidem
1198 2816 1392 2861 causa
1440 2815 1706 2885 negatu-

432 2914 600 2966 rum.
657 2893 878 2986 Itaque
921 2915 1111 2985 quum
1152 2913 1366 2960 onmes
1411 2911 1557 2961 ante
1596 2891 1705 2964 Ci-
