2125 3784
256 290 305 362 88
362 285 524 358 Oumo
551 305 630 357 Pico
649 286 840 360 Miconas

253 403 379 464 taculum
392 396 533 464 viderem.
557 403 590 465 O
608 405 646 463 dii
663 403 869 466 immortales!
883 401 955 485 fur-1

252 499 334 555 tem,
355 484 386 541 &
403 484 538 558 avobis,
557 484 688 558 Iudices,
706 482 949 545 conservandum·

252 562 366 623 virum!
392 562 536 638 Minime,
560 565 677 624 minime
689 609 699 636 ,
720 566 839 647 inquit:
851 569 942 626 immo

252 644 326 704 verb
345 664 445 724 poenas
459 645 507 705 ille
524 645 635 705 debitas
649 646 753 716 luerit3
768 666 826 706 nos
840 642 947 706 subea·'

253 743 338 796 mus,
353 725 377 782 si
395 727 433 783 ita
448 723 559 785 necesse
575 724 616 785 est
627 770 636 798 ,
649 747 710 784 non
724 725 853 786 debitas.
872 725 942 787 Hic·

252 804 319 864 cine
337 805 382 864 vir
400 808 496 885 patriae
511 821 615 879 natus,
630 804 769 886 usquam,
784 808 882 866 nisiiu
893 827 943 886 pa·

253 886 326 958 tria,
345 885 507 945 morietur?
522 903 591 956 aut,
608 887 631 944 si
645 885 741 958 forte,
756 906 815 965 pro
829 883 941 967 patria?

253 961 338 1042 hujus
358 987 413 1025 vos
430 967 517 1025 animi
538 984 729 1025 monumenta
750 966 939 1038 retinebitis;

254 1048 386 1124 corporis
414 1049 444 1107 in
463 1046 544 1106 Italia
567 1047 676 1106 nullum
700 1044 870 1124 sepulcrum
889 1042 942 1106 elle

276 1126 424 1185 atiemini?
438 1127 514 1186 hunc
528 1126 575 1186 sud
590 1124 737 1206 quisquam
751 1123 941 1189 sententiale:

253 1146 309 1265 bac
327 1207 396 1266 urbe
411 1207 555 1286 expellet,
594 1226 662 1266 uem
678 1225 784 1266 omnes
794 1205 884 1267 urbes
894 1224 942 1266 ex·

255 1285 367 1365 pulsum
387 1308 403 1343 a
421 1289 507 1346 vobis
527 1227 609 1346 adle
625 1285 797 1346 vocabunt?
842 1310 844 1315 ·
868 1308 871 1315 ·

302 1383 368 1445 105.
381 1364 412 1425 O
426 1384 532 1426 terram
547 1366 624 1425 illam
640 1367 776 1439 beatam,
791 1386 858 1446 quae
868 1365 940 1425 hunc

256 1443 350 1507 virum
365 1450 511 1525 exceperit
524 1467 531 1505 ε
542 1447 615 1504 hanc
627 1448 767 1528 ingratam
780 1490 792 1516 ,
806 1447 830 1504 si
846 1444 942 1524 ejece·

255 1527 311 1598 rit3
332 1526 483 1600 miseram,
501 1527 525 1585 si
548 1525 691 1587 amiserit!
716 1525 775 1585 Sed
798 1523 864 1585 finis
885 1526 938 1584 sit:

256 1626 353 1686 neque
373 1610 451 1666 enim
468 1629 527 1686 prae
544 1607 678 1689 lacrymis
697 1604 755 1686 jam
770 1605 853 1685 loqui
868 1625 941 1686 pos·-

255 1683 317 1744 sum
327 1707 337 1757 3
356 1687 388 1744 δι
399 1689 444 1746 hic
455 1686 483 1746 se
494 1687 631 1770 lacrymis
643 1685 759 1747 defendi
771 1701 867 1745 vetat.
879 1685 942 1745 Vos

256 1783 333 1836 oro,
347 1764 555 1847 obtestorque,
572 1767 711 1840 Iudices,
729 1783 761 1825 ut
778 1767 808 1825 in
824 1765 943 1826 senteu-

256 1844 302 1903 tiis
316 1843 463 1918 ferendis,
485 1846 733 1928 quod'sentietis,
750 1845 780 1904 id
803 1845 943 1923 audeatis.

255 1922 392 1987 Vestram
409 1930 565 2002 virtutem,
578 1927 729 2008 justitiam,
744 1924 854 2000 fidem,
873 1926 941 1986 mibi

257 2006 386 2077 credite,
404 2010 427 2065 is
449 2011 573 2068 maxime
589 2010 743 2089 probabit,
778 2009 808 2066 ui
820 2008 851 2065 in
863 2004 942 2087 judi-

257 2083 338 2140 cibus
359 2082 488 2165 legendis
512 2091 678 2168 optimum,
709 2089 742 2149 &
758 2029 944 2168 lapiendssi·

258 2180 359 2236 mum,
379 2165 411 2227 δι
433 2165 619 2230 fortissimum
640 2188 786 2252 quemque
806 2167 892 2250 legit.

514 2452 673 2563 W
