2125 3784
367 410 465 463 nno
493 394 709 463 Minonis.
832 409 881 483 55

191 506 225 565 id
252 504 388 568 facillime
414 507 483 568 scire
508 505 629 588 posset3
654 525 757 569 omnes
777 505 886 568 scilicet

195 585 349 649 Lanuvini.
385 587 461 648 Milo
492 588 529 647 de
559 586 656 649 Clodii
683 588 775 647 reditu
805 588 887 649 unde

194 670 326 746 quaesivit
351 667 363 727 ἓ
386 669 530 748 quaesierit
549 665 640 728 sane:
664 668 787 741 videte,
813 667 885 749 quid

191 748 280 808 vobis
299 748 423 829 largiar:
445 747 557 808 servum
576 750 684 822 etiam,
703 767 733 807 ut
755 749 883 823 Atrius,

194 848 280 888 meus
306 831 435 901 amicus,
456 829 555 902 dixit,
580 831 751 910 corruperit.
779 828 883 910 Legite

193 906 364 968 testimonia
382 906 492 969 testium
514 907 695 970 vestrorum:
711 909 781 968 dixit
794 907 884 970 Caius

194 985 363 1062 cassinus,
382 1007 581 1072 cognomento
597 990 723 1062 Schola,
741 987 883 1049 Interam·

142 1119 144 1121 .
194 1089 268 1142 nas,
280 1066 511 1129 familiarissimus
529 1071 561 1129 ὅ(
578 1071 657 1132 idem
674 1088 775 1129 comes
791 1069 885 1129 Publii

197 1143 316 1222 Clodii,
334 1146 414 1230 cujus
428 1146 603 1231 jampridem
621 1149 788 1211 testimonio
804 1149 884 1210 Clo·

195 1226 258 1287 dius
274 1228 377 1291 eidem
389 1230 462 1290 hori
478 1229 653 1290 Interamnae
666 1229 804 1289 fuerat&
822 1228 886 1289 Ro·

196 1327 250 1367 mae
263 1352 272 1381 ,
286 1307 320 1369 P.
333 1307 472 1371 Clodium
489 1311 540 1370 illo
557 1310 604 1371 die
615 1313 645 1370 in
662 1309 780 1369 Albano
798 1329 884 1369 man-

192 1385 287 1447 surum
300 1387 379 1452 fuiffe
391 1411 399 1463 ;
413 1389 463 1452 sed
476 1389 571 1450 subiti>
585 1394 612 1452 ei
627 1389 683 1451 effe
700 1393 882 1465 nuntiatum,

197 1465 311 1549 Cyrum
327 1471 514 1531 architedum
532 1469 588 1532 esse
606 1489 770 1530 montmm:
784 1474 883 1550 itaque

190 1546 320 1608 Romam
350 1551 474 1629 repente
501 1549 675 1609 constituisse
705 1548 845 1628 proficisci
872 1572 881 1609 ε

188 1627 338 1766 ἓκίιόὶιοε
361 1647 463 1686 comes
481 1628 553 1685 item
568 1628 662 1689 Publii
678 1627 779 1687 Clodii
792 1627 881 1688 Caius

225 1707 254 1765 lo
277 1709 332 1764 ius.

233 1781 377 1844 XVIII.
402 1782 530 1858 Videte,
550 1771 685 1858 Indices,
704 1802 818 1868 quante
834 1806 881 1849 res

188 1866 232 1925 his
250 1863 420 1925 testimoniis
436 1867 491 1924 sint
508 1862 657 1924 confedae.
680 1863 806 1928 Primiim
817 1888 880 1929 cer·

186 1947 219 2004 te
242 1946 378 2006 liberatur
398 1944 497 2017 Milo,
521 1965 583 2003 non
602 1964 640 2004 eo
665 1949 788 2006 consilio
808 1969 881 2026 pro-

189 2024 282 2085 fertus
297 2024 374 2099 effe,
391 2043 421 2084 ut
439 2025 619 2084 insidiaretur
636 2026 665 2082 in
681 2029 729 2086 via
748 2025 880 2102 Clodi03

188 2103 802 2266 §idigini{diffid'dissm'fiiss
815 2130 879 2251 33:

190 2285 291 2325 meum
316 2287 432 2347 quoque
457 2287 540 2348 agam
564 2232 744 2348 negotium’)
770 2269 878 2345 scitis,

185 2345 206 2408 J
208 2345 326 2418 udices,
347 2345 448 2418 finde,
463 2348 512 2427 qui
529 2349 559 2405 in
574 2347 628 2405 hac
646 2351 799 2429 rogatione
813 2348 878 2408 sua·

183 2426 285 2486 denda
315 2426 476 2500 dicerent,
504 2426 624 2486 Milonis
652 2447 738 2486 manu
765 2429 876 2491 cadem

189 2505 247 2567 esse
268 2505 395 2580 fadam,
419 2507 543 2567 consilio
557 2509 630 2568 verb
646 2507 765 2588 majoris
784 2511 877 2569 alicu-

186 2584 244 2666 jus.
264 2585 414 2646 *Videlicet
433 2607 481 2647 me
503 2588 671 2658 latronem]
690 2611 723 2648 ac
743 2591 877 2649 sicarium

183 2664 293 2739 abjeffl
319 2666 453 2726 homines
478 2668 636 2750 &perditi
666 2667 875 2728 describebant.

183 2747 289 2808 dacent
305 2745 359 2804 suis
369 2744 486 2807 testibus
497 2749 536 2818 ii,
549 2750 598 2828 qui
612 2745 751 2805 Clodium
768 2768 804 2807 ne
826 2764 874 2809 ant

184 2847 224 2886 eo
244 2824 292 2885 die
310 2825 466 2900 Romam,
487 2828 542 2886 nisi
563 2828 600 2887 de
621 2823 706 2906 Cyro
729 2769 872 2902 audidem

182 2903 266 2970 fuiffe
280 2907 450 2970 rediturum.
467 2905 634 2988 Respitavi:
648 2907 784 2972 liberatus
795 2909 873 2972 sum:

673 2985 751 3053 civ
