2125 3784
296 334 614 409 Prrrrrunr‘cn
647 339 764 411 XIV.
803 358 883 438 471

183 493 196 505 ..
241 467 271 511 α.
286 449 362 530 Quae
379 470 476 515 autem
500 451 541 514 est
559 451 610 514 issa
627 453 789 530 sententia,
811 474 843 518 ut
855 461 888 531 iu

186 528 370 606 hodiernum
386 532 464 594 diem
481 532 598 594 vestitus
610 553 756 610 mutetur,
777 538 888 600 deinde

186 633 258 680 ‚eras
280 613 367 695 sagati
393 613 593 694 prodeamus?
617 613 773 678 Nosuerb
794 641 887 700 quum

189 692 284 755 semel
297 693 333 752 ad
354 712 420 754 eum
433 715 553 776 ,quem
567 696 716 777 cupimus,
735 717 835 779 optam
863 731 886 769 ¹·

167 782 170 787 '
190 794 273 857 que,
290 772 425 835 restitum
447 776 637 850 redierimus,
652 775 682 836 id
697 798 835 871 agamus,
852 797 885 843 ut

190 874 263 935 eum
284 856 313 914 in
333 873 509 937 perpetuum
530 859 724 919 retineamus:
737 859 884 922 nanxhoc

183 935 314 1078 ¹guidem
331 957 419 1017 quum
437 956 523 1019 turpe
539 937 597 1012 est,
619 956 681 999 tum
703 940 884 1022 nediisqui·

213 1037 261 1078 em
274 1018 483 1078 immortalibus
500 1037 634 1101 gratum,
651 1020 687 1079 ab
699 1039 802 1082 eorum
814 1023 883 1096 aris,

187 1097 228 1159 ad
241 1119 311 1179 quas
323 1102 415 1182 togati
427 1099 601 1176 adierimus,
616 1100 654 1161 ad
664 1099 729 1183 saga
741 1098 882 1167 sumenda

192 1177 354 1240 discedere.
500 1238 502 1242 .

233 1276 262 1340 3.
273 1260 314 1319 At
337 1279 373 1321 ue
391 1258 594 1321 animadverto
605 1307 616 1333 ,
626 1258 726 1322 Patres
738 1261 883 1345 conscrip-

186 1340 232 1414 ti,
255 1281 395 1423 quoidam
415 1341 481 1401 huic
497 1339 599 1401 favere
617 1339 784 1414 senteutiae3
804 1365 881 1424 quo·

187 1441 255 1482 rum
278 1442 312 1482 ea
331 1442 432 1495 mens,
453 1421 541 1502 idque
564 1423 714 1482 consilium
736 1421 797 1495 est,
820 1441 877 1499 ut,

180 1501 883 1584 quumvideanr,gloriosissimumillumD.Bru·

186 1597 221 1644 to
232 1582 359 1643 futurum
371 1583 464 1656 diem,
480 1605 540 1665 quo
553 1583 619 1654 die,
633 1601 754 1664 propter
765 1580 827 1661 ejus
837 1584 882 1645 sa·

185 1662 280 1725 lutem
305 1664 474 1726 redierimus
499 1664 536 1723 ad
561 1661 717 1737 vestitum,
743 1665 819 1722 hunc
847 1667 877 1726 ei

187 1741 311 1807 frudum
338 1747 451 1825 eripere
477 1747 614 1825 cupiant,
640 1765 677 1805 ne
700 1747 877 1820 memoriae,

186 1823 404 1909 posteritatique
421 1826 578 1906 prodatur,
599 1845 721 1906 propter
738 1828 821 1886 unius
833 1826 878 1885 ci·'

185 1907 232 1969 vis
249 1907 406 1987 periculum
425 1907 567 1987 populum
580 1905 746 1967 Romanum
764 1907 800 1965 ad
812 1906 879 1988 saga¹

184 1983 256 2062 isse,
280 2004 403 2068 propter
428 1985 558 2065 ejusdem
575 1985 693 2047 salutem
712 1985 815 2048 rediffe
836 1987 874 2048 ad
921 2041 923 2046 .

184 2082 272 2150 rogas
293 2089 303 2128 .·
322 2067 417 2128 tollite
444 2068 516 2128 hanc
527 2089 539 2138 3
567 2069 675 2128 nullam
693 2085 753 2128 tam
776 2070 876 2150 pravae'

185 2146 336 2210 sententie
363 2146 476 2207 causam
504 2151 664 2228 reperietis.
689 2148 756 2209 Vos
779 2149 876 2224 verb,

184 2227 220 2291 P.
228 2224 267 2291 C.
273 2228 443 2290 conservate
451 2227 650 2288 audioritatem
658 2227 799 2303 vestram,
813 2251 877 2298 ma·

178 2327 256 2374 nere
267 2313 298 2369 in
310 2309 469 2383 sententia,
488 2326 588 2369 tenete
606 2306 876 2383 vestrimemorid,

177 2390 266 2474 ¹quod
279 2389 353 2472 saepe
370 2387 548 2463 ostendistis,
567 2386 651 2469 hujus
659 2390 749 2450 totius
762 2388 832 2451 belli
842 2392 874 2468 ip

176 2474 269 2552 -unius
286 2475 343 2532 viri
359 2471 507 2531 fortissimi
527 2472 560 2531 δι
574 2471 693 2531 maximi
707 2472 768 2533 vita
785 2472 874 2553 ‘posi-

177 2569 249 2629 ¹tum
265 2548 321 2628 ess'e
341 2551 502 2614 discrimen.
689 2579 691 2583 ·
741 2578 743 2582 ·
931 2554 935 2561 ’

212 2632 269 2694 ii.
296 2632 347 2695 Ad
366 2632 409 2694 D.
426 2632 546 2692 Brutum
570 2628 752 2692 liberandum
781 2627 871 2709 legati

183 2716 283 2788 missi,
302 2718 444 2795 principes
464 2713 608 2784 civitatis,
625 2713 674 2794 qui
689 2711 728 2771 iili
748 2702 823 2768 hosti
836 2730 885 2785 at:v

182 2796 332 2878 parricide
353 2796 574 2870 denuntiarent,
594 2808 626 2851 ur
644 2814 661 2852 a
676 2789 792 2852 Mutina
812 2788 872 2849 dis·

182 2872 459 2971 redererzejusdem
467 2862 873 2957 D..Bmticonsemendigtaq
