2125 3784
118 378 195 468 350
233 356 290 436 tn
312 352 702 435 MrArronrvrr

140 486 251 566 roprios
268 482 386 543 dolores
399 479 511 559 suarum
523 500 629 541 rerum
645 498 753 541 omnes
767 474 807 543 hai

116 500 246 637 lebam
264 582 364 624 tamen
381 562 465 639 hujus
486 561 616 620 civitatis
640 559 808 623 fidelissima

116 644 262 717 miserias,
281 664 370 704 nemo
390 659 451 701 erat
468 641 565 716 civis,
582 642 636 723 qui
655 663 673 702 a
692 640 723 703 fe
745 642 808 703 alia·

116 746 168 787 nas
187 726 381 784 arbitraretur.

162 824 209 883 19.
236 802 331 865 Caesar
346 801 427 883 ipse,
449 802 500 881 qui
518 801 578 860 illis
602 799 706 863 firmat
722 801 809 863 karta

116 886 206 946 simus
218 931 227 959 ,
240 902 338 944 tamen
353 898 474 964 propter
488 881 678 963 singularem
696 881 759 960 ejus
774 884 810 942 ri·

117 969 216 1027 vitaris
239 966 411 1046 gravitatem
433 961 464 1020 δι
481 960 575 1022 fidem
602 964 741 1043 quotidie
764 962 811 1023 ali·
853 996 854 1041 ;

117 1046 187 1127 quid
209 1045 362 1105 iracundiae
385 1043 579 1103 remittebat:
607 1060 643 1103 te
669 1043 750 1103 nulld
769 1040 811 1103 fid

118 1127 281 1186 calamitate
307 1127 408 1185 civitas
429 1119 532 1181 latiare
553 1138 618 1182 tam
642 1120 740 1183 fidelis
760 1144 810 1204 po·

118 1205 196 1267 test?
217 1204 321 1266 Rursus
339 1225 388 1264 me
406 1201 466 1281 jam
483 1201 566 1262 irasci
584 1201 709 1264 fortalle
728 1203 808 1266 dices

120 1282 188 1368 Ego
205 1304 303 1347 autern
328 1287 391 1344 sine
404 1283 551 1342 iracundia
566 1282 641 1344 dico
663 1327 676 1359 ,
698 1302 730 1345 nr
748 1305 809 1345 ont·

119 1368 196 1438 nia,
224 1388 279 1428 nec
301 1384 401 1425 tamen
423 1366 483 1423 siae
504 1363 640 1424 dolore:
666 1366 808 1426 neminem

120 1444 161 1505 illi
191 1448 300 1507 civitati
326 1446 474 1504 inimicum
502 1441 561 1505 effe
588 1444 747 1520 arbitror,
769 1447 810 1527 qui

121 1529 284 1587 amicus-sit
300 1527 367 1586 truie
381 1525 500 1585 civitati.
527 1522 735 1606 Excogitare,

120 1622 171 1666 tua
190 1610 265 1667 ratio
285 1608 342 1680 sit,
361 1605 495 1679 Calene,
514 1625 577 1664 non
593 1604 726 1686 poffmn.
749 1546 810 1667 X:

121 1703 170 1747 tea
191 1688 338 1748 deterrere
352 1703 402 1760 te,
421 1706 459 1746 ne
472 1685 623 1766 popularis
649 1686 723 1748 effes
733 1730 744 1761 ,
756 1705 810 1749 naa

120 1783 309 1847 poteramus3
330 1786 452 1828 exorare
469 1786 566 1839 nunc,
587 1783 620 1825 ut
633 1771 672 1828 sia
691 1768 810 1851 popula·

121 1848 183 1921 ris,
203 1867 265 1906 non
282 1845 441 1928 poll'umus.
469 1845 542 1907 Satis
558 1847 654 1908 multa
668 1869 738 1908 carm
756 1848 810 1909 Fu·

121 1925 182 2000 fio,
200 1949 235 1987 ac
251 1929 312 1988 sine
330 1927 402 1986 odio
420 1929 540 2001 omnia,
557 1926 631 1987 rrihil
647 1930 714 1989 sine
731 1928 811 1990 dolo·

122 2027 165 2068 re.
191 2005 292 2067 Credo
315 2024 415 2068 aurern
432 2051 445 2079 ‚
465 2008 515 2087 qni
538 2009 641 2089 generi
665 2011 809 2091 querelam

123 2086 275 2145 moderate
306 2086 381 2146 ferat
406 2131 416 2162 ,
444 2107 530 2166 aequo
560 2090 661 2149 animo
691 2090 808 2152 larum

123 2187 218 2225 amrcr.
416 2200 419 2205 ·

164 2245 245 2306 Vll.
277 2244 377 2307 Venio
403 2245 439 2305 ad
466 2246 594 2328 reliquos
620 2247 808 2325 conturna,

122 2348 248 2408 quorum
268 2327 309 2388 eli
327 2348 416 2387 nemo
435 2323 526 2407 (jure
545 2347 617 2388 meo
642 2329 702 2389 hoc
721 2328 808 2413 dico)

122 2412 191 2486 quin
219 2429 334 2468 mecum
355 2410 461 2468 habeat
481 2408 607 2489 aliquam
629 2407 810 2489 conjunllio·

122 2508 190 2546 nem
215 2491 332 2569 grariae,
353 2490 399 2547 alii
421 2492 600 2561 maximam,
624 2491 672 2550 alii
699 2491 809 2552 medio-

122 2588 231 2641 crem,
264 2590 352 2628 nemo
384 2570 503 2629 nullam.
531 2570 635 2648 Quam
667 2570 810 2633 hesternus

122 2648 187 2707 dies
204 2649 288 2707 nobis
302 2694 311 2722 ,
326 2649 519 2710 consularibus
538 2652 628 2722 dico,
644 2656 740 2733 turpis
756 2653 811 2713 illu·

122 2729 185 2787 ait?
203 2733 307 2790 iterum
327 2730 461 2812 legatos?
475 2731 579 2809 Quid,
599 2733 623 2790 si
638 2732 689 2792 ille
709 2732 813 2795 faceret

124 2808 284 2869 inducias?
310 2811 389 2871 Ante
412 2832 446 2870 os
467 2811 627 2892 oculosque
650 2813 813 2895 legatorum

124 2892 275 2951 tormentis
295 2891 441 2954 Mutinam
457 2892 648 2958 verberarit:
669 2915 748 2976 opus
766 2915 816 2959 aa·

75 3234 281 3411 Α
