2125 3784
422 825 1257 917 PHILIPPICA
1355 826 1637 919 XIV.

376 1057 682 1114 murno
716 1060 1389 1132 QUINQUAGES1MA
1420 1057 1692 1116 SEXTA:

340 1253 797 1325 ALLATIS
848 1255 924 1324 de
962 1255 1196 1345 proelio
1252 1256 1345 1322 ad
1382 1253 1717 1322 Mutinam

440 1348 756 1449 commiffo
781 1398 806 1434 ,
843 1353 1262 1444 Antonioque
1303 1347 1465 1418 νὶἒῖο·
1493 1351 1718 1416 litteris

438 1448 766 1540 confidam
783 1497 806 1531 ,
826 1449 885 1518 6·
911 1448 1177 1540 Caesaris
1198 1496 1221 1530 ,
1246 1447 1348 1518 M.
1374 1447 1714 1526 Cornutus,

408 1605 413 1610 .
431 1565 670 1637 proetor
681 1546 983 1630 urbanus,
1000 1547 1111 1636 qui
1124 1543 1445 1637 conficlare
1454 1565 1719 1622 munus,

360 1634 368 1641 ’
439 1641 799 1733 absentibus
813 1641 1203 1734 confitlibus,
1217 1665 1382 1711 more
1396 1638 1718 1727 majorum

424 1736 777 1836 fhffinebat
797 1787 820 1822 ‚
852 1764 1042 1831 quum
1059 1738 1363 1828 finatum
1401 1730 1668 1831 vocaffit
1688 1784 1720 1818 ‚

440 1833 661 1927 easque
699 1836 938 1904 litteras
987 1832 1284 1932 recitaffit
1312 1883 1333 1916 ,
1359 1833 1720 1927 fintentias

439 1933 708 2025 rogavit.
735 1932 921 2023 Quid
928 1934 1047 2002 alii
1065 1933 1408 2027 cenfiterint
1422 1983 1447 2017 ,
1472 1931 1579 2022 qui
1598 1953 1717 1997 an-

442 2049 506 2098 te
549 2029 896 2099 Ciceronem
935 2033 1140 2123 rogati
1153 2032 1320 2122 fient
1336 2080 1363 2113 ‚
1401 2029 1724 2121 obsturum

443 2124 530 2226 est
564 2150 591 2195 .·
645 2149 813 2194 unus
863 2148 1078 2196 tamen
1132 2153 1214 2196 ex
1270 2129 1351 2196 iis
1376 2178 1405 2213 ‚
1453 2129 1722 2195 redeun-

440 2224 598 2292 dum
620 2273 645 2307 ,
675 2221 858 2317 sagis
911 2225 1212 2314 depositis
1237 2272 1262 2306 ‚
1306 2225 1401 2291 ad
1420 2218 1604 2314 togas
1645 2223 1723 2288 in

364 2363 369 2367 -
440 2318 812 2388 hodiernum
865 2321 1026 2389 diem
1075 2370 1100 2404 ,
1165 2322 1448 2412 idemque
1472 2319 1723 2411 fortas·

368 2454 373 2459 ·
425 2414 506 2509 fi
538 2463 562 2498 ,
599 2417 1040 2487 decernendam
1087 2419 1444 2511 consulibus
1477 2417 1536 2484 δ’
1581 2415 1726 2498 Οιειξ

367 2524 373 2531 “
428 2511 581 2605 Jizri
603 2511 1136 2604 supplicationem
1176 2564 1197 2592 ‚
1239 2512 1496 2605 cenfitit.
1551 2513 1605 2577 S
1604 2534 1722 2578 en·

446 2610 652 2676 tentia
695 2610 834 2680 vert)
877 2611 1190 2681 Ciceronis
1215 2611 1339 2678 lzaec
1358 2608 1500 2700 ficit
1518 2631 1545 2675 .·
1583 2628 1721 2676 non

448 2700 566 2801 effi
607 2711 985 2777 mutandum
1025 2706 1312 2802 vestitum
1333 2761 1355 2792 ‚
1406 2705 1539 2774 nisi
1585 2703 1724 2790 Dei

444 2803 615 2875 cimo
659 2803 866 2881 Bruto
886 2855 912 2898 ,
942 2802 1126 2897 cujm
1151 2799 1722 2902 causdfitgaficme
