2125 3784
195 410 272 505 438
311 408 366 478 ΙΝ
394 406 445 476 Μ.
466 408 768 480 ΑΝτοΝιυΜ

192 521 295 584 'sirium
306 566 316 597 ‚
329 519 474 584 Tironem
486 566 496 596 ,
510 518 689 595 Mustelam,
712 519 884 584 Petissium:

195 605 364 664 comitatum
382 603 537 685 relinquo,
554 601 643 662 duces
659 603 799 664 nomino.
819 604 883 664 Huc

194 684 336 744 accedunt
366 683 518 758 Alaudae,
546 684 696 765 ceterique
723 688 882 758 veterani,

192 763 376 824 seminarium
396 762 524 843 judicum
543 764 637 825 tertiae
660 763 789 825 decuriae
809 810 820 839 ‚
838 769 882 846 qui

189 843 247 904 suis
274 846 360 904 rebus
386 843 557 919 exhaustis,
582 843 738 906 beneficiis
766 843 881 906 Caesaris

194 926 374 1001 devoratis,
403 926 535 986 fortunas
559 923 671 986 nostras
699 929 881 1009 concupive-

191 1023 271 1066 runt.

235 1106 265 1161 4.
292 1085 323 1146 Ο
341 1083 430 1147 {idam
443 1086 593 1148 dexteram
605 1084 751 1162 Antonii,
767 1087 824 1169 qui
836 1088 879 1148 isse

192 1167 333 1248 plurimos
353 1171 431 1228 cives
449 1166 625 1228 trucidavit?
645 1167 665 1227 ὂ
683 1184 802 1243 ratum,
818 1169 878 1229 reii-

214 1247 363 1329 iosumque
390 1247 513 1322 foedus,
541 1246 715 1329 quodcum
744 1249 875 1310 Antoniis

190 1266 367 1390 fecerimus?
385 1329 443 1389 hoc
462 1330 486 1389 si
501 1326 619 1388 Marcus
631 1328 747 1390 violate
767 1330 879 1390 conabi-

191 1424 262 1483 tur,
282 1408 363 1468 Lucii
388 1429 456 1470 eum
476 1407 605 1469 saneiitas
623 1429 641 1467 a
661 1405 776 1472 scelere
794 1415 878 1472 revo-

193 1489 281 1550 cabit.
305 1488 363 1549 Illis
390 1489 472 1550 locus
493 1491 517 1549 si
538 1491 569 1549 in
591 1488 645 1548 hae
667 1489 742 1552 urbe
768 1491 877 1566 fuerit,

191 1571 256 1629 urbi
269 1573 323 1651 ipsi
336 1570 417 1632 locus
435 1591 496 1630 non
509 1573 575 1631 erit.
598 1568 664 1631 ora
679 1571 769 1633 vobis
781 1592 876 1634 eorum

189 1652 294 1732 ponite
313 1668 379 1712 ante
400 1651 524 1723 oculos,
542 1653 574 1710 &
588 1651 715 1712 maxime
734 1653 878 1714 Antonio-

190 1751 256 1791 rum
269 1752 279 1807 ;
291 1730 448 1807 inedium,
470 1730 657 1814 adspetium‚
671 1733 809 1808 vultum,
827 1733 879 1815 spi-

189 1812 308 1888 ritum,
333 1813 422 1874 latera
442 1831 576 1896 regentes
600 1813 703 1888 alios,
732 1814 875 1898 sequentes

190 1893 285 1966 alios,
305 1894 377 1954 elios
397 1894 623 2019 prae}redientes
643 1896 776 1956 amicos:
794 1912 873 1980 quem

188 1975 251 2036 vini
278 1975 464 2036 anhelitum.
497 1996 566 2058 quas
593 1976 787 2037 contumelias
812 1975 872 2037 iore

190 2055 312 2116 censetis
328 2099 339 2128 ‚
358 2055 505 2137 minasque
524 2055 708 2117 verborum?
731 2059 785 2118 nisi
805 2056 875 2119 forte

188 2155 242 2195 eos
266 2156 322 2216 pax
335 2135 393 2216 ipsa
415 2137 525 2211 leniet,
543 2137 730 2218 maximeque
747 2159 836 2222 quum
850 2141 874 2198 in

186 2215 266 2278 hunc
286 2215 421 2277 ordinem
440 2219 593 2280 venerint:
611 2216 777 2280 salutabunt
795 2220 874 2281 beni·

187 2296 246 2379 gne
263 2341 272 2369 ‚
292 2301 416 2359 comiter
433 2299 623 2380 appellabunt
638 2318 872 2384 unumquemque

187 2375 330 2440 nostrfim.
868 2388 871 2397 '

227 2457 291 2518 ΙΙΙ.
320 2458 389 2518 Non
409 2459 632 2532 recordamini,
655 2480 710 2542 per
731 2460 804 2522 deos
817 2462 870 2520 im·

186 2539 353 2600 mortales!
375 2562 443 2622 quas
462 2542 564 2602 ineos
588 2538 745 2604 sententias
770 2540 872 2602 dixeriss

185 2619 252 2680 tis?
275 2620 336 2681 aeia
356 2620 479 2684 Antonii
502 2620 677 2685 rescidistis}
703 2622 786 2706 leges
807 2619 872 2682 refis
905 2675 918 2692 ,

184 2699 287 2774 xistis3
336 2723 367 2763 er
389 2707 449 2765 vim
474 2704 504 2765 &
527 2720 631 2767 contra
652 2700 779 2785 auspicia
805 2702 873 2763 latas

186 2724 371 2844 decreviffis:
384 2789 472 2846 totius
490 2785 582 2846 Italiae
601 2783 731 2845 delemus
751 2785 873 2846 excitas·
913 2832 917 2845 r

154 2907 158 2914 ,
184 2859 245 2931 tis3
273 2865 330 2923 coli
370 2887 417 2930 am
451 2868 483 2926 ὃ(
508 2864 617 2927 socium
643 2864 785 2925 scelerum
807 2884 873 2924 om-

183 2937 285 3016 nium,
304 2945 343 3005 ho
369 2966 416 3008 em
433 2945 713 3028 judicavistisztum
730 2946 789 3008 hoc
809 2964 873 3028 <1¹¹³
