2125 3784
262 418 344 499 474
382 394 441 472 ΙΝ
466 391 517 472 M.
539 397 835 470 Antonium

260 532 339 578 turus
355 515 385 576 in
404 515 459 576 hac
476 515 567 588 urbe,
585 516 638 575 nisi
654 533 722 575 eum
738 516 807 577 binc
824 507 884 597 ipse
894 502 942 577 lis·

259 599 336 679 piter
351 597 389 657 ab
409 597 468 659 hoc
489 596 603 676 templo
622 611 709 676 atque
733 595 881 656 moenibus
899 615 944 661 ree

258 675 397 758 pulislet,
420 678 578 738 declaravit
599 678 629 736 in
647 675 846 738 Parmensium
871 676 944 739 cala·

240 758 383 832 mirate,
404 779 498 840 quos,
515 760 644 838 optimos
659 759 760 833 viros,
776 756 944 825 honestissi·

257 837 380 920 mosque
403 839 557 911 homines,
582 835 708 898 maxime
730 859 798 898 cum
821 837 945 899 auderi*

258 934 319 980 tate
351 916 434 998 hujus
462 918 598 992 ordinis,
632 918 793 1000 populique
821 918 944 981 Romani

257 997 397 1093 dignitate
413 997 605 1079 eomundus,
623 999 830 1061 crudelissimis
848 1019 946 1061 exem·

257 1080 313 1161 phs
328 1083 475 1141 interemit
492 1080 670 1160 propudium
685 1079 756 1139 illud
775 1082 809 1141 &
826 1096 945 1161 porten-

258 1176 321 1219 tum
334 1159 368 1220 L.
382 1161 549 1233 Antonius,
565 1162 677 1243 insigne
694 1160 798 1221 odium
816 1163 945 1222 omnium

256 1234 409 1301 bominum
419 1288 430 1316 ,
443 1241 513 1315 vel,
534 1243 557 1301 si
574 1244 662 1302 etiam
684 1241 723 1300 dii
739 1240 859 1301 oderint
876 1262 945 1324 quot

256 1339 400 1401 oportet,
421 1325 553 1382 omnium
575 1322 709 1382 deorum,
741 1320 865 1405 Refugit
886 1324 946 1385 ani·

257 1421 342 1476 mus,
362 1400 460 1465 Patres
476 1402 647 1484 conscripti,
668 1422 760 1483 eaque
780 1403 883 1476 dicere
902 1422 945 1467 te·

257 1480 421 1557 formidat,
449 1506 512 1565 quae
531 1483 566 1544 L.
587 1483 734 1543 Antonius
753 1484 784 1543 in
808 1477 945 1545 Parmen-

256 1566 332 1622 sium
351 1565 448 1624 libetis
468 1566 500 1623 &
520 1560 690 1645 conjugibus
707 1560 861 1625 effecerit-t
878 1585 944 1645 quar

256 1647 336 1706 enim
357 1642 549 1723 turpitudines
564 1644 687 1703 Antonii
705 1644 831 1705 libenter
850 1644 943 1706 subie-

257 1740 342 1796 runt,
361 1723 476 1785 easdem
489 1744 542 1805 per
560 1727 621 1783 vim
636 1724 768 1784 laetantur
783 1725 846 1784 aliis
864 1724 893 1787 se
905 1729 945 1787 in·

257 1803 367 1864 tulisse:
385 1804 435 1865 sed
452 1807 496 1865 vis
518 1803 681 1864 calamitosa
702 1802 763 1878 est,
781 1827 871 1888 quam
895 1806 946 1867 illu

254 1885 414 1946 intulerunt
425 1907 434 1960 ;
446 1887 538 1946 libido
555 1883 712 1968 flagitiosa,
725 1884 785 1967 qud
795 1886 943 1949 Antonio·

257 1987 323 2030 tum
344 1968 434 2027 oblita
451 1965 491 2028 est
510 1967 581 2027 vita.

295 2046 356 2107 IV.
374 2045 423 2105 Est
436 2048 521 2128 igitur
535 2043 701 2126 quisquam,
721 2046 770 2125 qui
781 2045 882 2109 hostes
894 2069 944 2130 ap·

254 2126 365 2207 pellare
384 2147 444 2186 non
465 2125 592 2201 audeat,
612 2147 737 2208 quorum
754 2126 866 2190 scelere
883 2151 944 2190 cru·

254 2206 405 2267 delitatem
419 2205 701 2289 Carthaginiensium
709 2207 818 2270 vidam
831 2209 889 2273 effe
902 2211 945 2272 fa·

252 2287 368 2350 teatur?
391 2309 448 2371 qua
467 2290 545 2348 enim
573 2292 603 2349 in
628 2291 701 2350 urbe
725 2305 787 2348 tam
810 2292 943 2353 immania

254 2368 385 2430 Annibal
406 2389 510 2452 capta,
530 2369 618 2452 quim
636 2372 666 2429 in
689 2369 791 2429 Parma
814 2369 942 2455 surrepta

254 2449 424 2511 Antonius?
442 2453 495 2510 nisi
512 2449 589 2511 forte
607 2449 690 2530 hujus
708 2452 834 2512 coloniae
852 2454 887 2514 &
898 2473 942 2515 ce·

253 2544 399 2604 terarum,
413 2534 442 2591 in
460 2552 530 2612 quas
547 2531 655 2592 eodem
673 2529 715 2592 est
735 2536 835 2594 animo
849 2579 863 2607 ,
885 2554 941 2598 non

255 2609 297 2673 est
317 2611 405 2672 hostis
421 2613 569 2674 Antonius
586 2613 739 2694 putandus.

300 2712 346 2753 ιο.
367 2692 397 2753 Si
416 2694 489 2755 verb
508 2693 688 2754 coloniarum
714 2695 746 2754 δι
767 2698 941 2778 municipio·

255 2794 320 2834 rum
340 2776 400 2835 sine
421 2776 478 2836 ulla
494 2774 674 2836 dubitatione
691 2773 779 2837 hostis
796 2775 857 2847 est,
876 2775 940 2860 quid
984 2800 986 2807 ·

254 2855 373 2914 tandem
387 2855 470 2936 hujus
488 2855 607 2917 censetis
626 2858 722 2930 urbis,
741 2879 829 2938 quam
844 2858 895 2920 ille
905 2857 939 2918 ad

254 2934 412 3012 explendas
429 2935 569 3022 egestates
586 2939 743 3003 latrociniis
758 2936 812 2998 luis
828 2959 939 3009 concuq
