2125 3784
248 446 329 530 '4¹2
370 434 426 503 ΙΝ
451 418 504 501 m·
530 427 835 499 Auronrrrnr

249 550 365 612 altorum
384 547 496 626 impetu
520 543 666 604 liberavit.
696 533 869 605 Maximam
886 534 942 633 ejus

203 656 205 661 ·
249 626 474 714 &singularem
493 623 610 684 laudem
626 627 848 704 praetermitto:
867 644 941 704 quur

248 708 329 770 enim
349 705 517 786 praedicatio
544 702 680 766 nondum
700 706 846 776 omnibus
870 720 942 786 grata

248 785 315 859 est,
335 786 411 846 hanc
434 788 585 860 mamoriae
603 786 730 870 potius,
756 784 850 871 quam
867 786 942 847 votis

249 865 419 946 testimonio
442 863 660 939 conservemus.

295 947 343 1027 36,
358 945 580 1020 Animadverti,
593 943 694 1021 Patres
708 942 885 1026 conscripti,
895 942 942 1002 dici

250 1025 312 1106 iam
329 1049 346 1086 a
378 1025 525 1085 uibusdam
538 1069 548 1099 ‚
562 1024 698 1100 errornarl
723 1025 817 1101 ctiam
831 1026 942 1092 nimilun'

251 1129 270 1168 a
291 1126 339 1167 me
358 1047 506 1181 brutum,
530 1107 652 1166 nimium
671 1102 813 1165 Cassium
837 1104 940 1164 ornarit

253 1185 357 1249 Cassio
377 1188 451 1249 verb
470 1185 612 1262 sententia
630 1185 699 1246 mei
714 1183 940 1263 dominatum&

252 1268 447 1348 principatum
466 1265 537 1325 dari.
557 1265 644 1346 Quos
662 1284 722 1349 ego
747 1264 853 1341 orno?
870 1283 939 1324 netu·

254 1352 293 1443 'pe
311 1366 383 1428 eos,
405 1346 454 1429 qui
471 1347 481 1405 i
502 1348 525 1406 si
539 1345 601 1406 sunt
618 1359 797 1422 ornamenta
808 1344 939 1427 reipubl-¹

256 1449 310 1488 cae.
334 1425 448 1505 Quid?
508 1469 517 1486 .
537 1426 660 1488 Brutum
684 1446 790 1488 nonne
815 1426 937 1488 omnibu!

256 1506 405 1579 sententiis
423 1506 538 1587 sempor
554 1509 658 1579 ornavi
674 1505 686 1566 i
704 1503 778 1577 num
796 1506 884 1589 igitur
898 1525 938 1566 ree

256 1584 469 1670 prehenditisl
499 1608 537 1649 an
558 1586 708 1650 Antonios
734 1589 837 1668 potius
861 1607 938 1650 oma-

257 1675 342 1741 'rem‚
363 1689 423 1734 non
440 1667 534 1738 modb
550 1666 663 1728 suarum
683 1666 880 1742 familiarum,
898 1663 939 1727 secl

171 1793 175 1802 .
258 1747 388 1812 Romani
406 1750 532 1808 nominis
547 1748 655 1830 probra
672 1764 701 1822 at
724 1760 762 1810 ue
779 1745 938 1811 dedecora?

260 1850 298 1888 an
318 1825 512 1891 Censorinum
530 1836 655 1908 ornem,
673 1829 703 1887 in
724 1829 799 1907 ‘ello
819 1827 940 1902 hostem,

259 1911 291 1972 in
313 1929 387 1991 pace
410 1907 581 1981 seslorem?
607 1931 644 1983 an
666 1925 762 1970 cetera
779 1930 823 1972 ,ex
843 1909 942 1988 codem

260 1989 414 2050 latrocinio
436 1989 535 2058 nausra
556 1992 583 2050 ia
602 1988 767 2071 colligam?
791 1986 858 2074 Ego
876 1990 943 2052 verb

261 2068 331 2128 istos
345 2071 408 2143 otii,
420 2011 587 2137 concorsrae
599 2116 608 2146 ,
619 2071 719 2153 leg'um
731 2115 741 2145 ,
755 2068 944 2150 judiciorum,

262 2149 403 2208 libertatis
420 2150 555 2212 inimicos
568 2168 681 2215 tanturn
692 2149 773 2212 abest
791 2170 824 2211 ut
838 2148 946 2225 ornem,

264 2245 296 2290 ut
316 2227 391 2289 effici
403 2251 463 2289 non
501 2234 591 2305 ossit‚
605 2232 674 2313 quin
688 2251 741 2293 eos
753 2249 815 2297 tam
828 2233 946 2308 oderirn',

259 2308 354 2394 *quam
373 2331 435 2371 rem
458 2254 583 2372 ullicam
596 2313 697 2395 diligo,

309 2408 358 2469 37.
383 2391 424 2468 Vi
447 2411 481 2465 c,
494 2393 606 2474 inquit,
625 2414 663 2453 ne
680 2408 839 2473 veteranos
858 2392 947 2455 offen·

265 2469 318 2530 clas
329 2492 336 2529 :
349 2471 406 2531 hoc
424 2471 503 2531 enim
519 2473 570 2533 vel
587 2473 866 2535 maximb'eraudio.
884 2475 946 2557 Egp

258 2552 341 2613 ¹uerb
366 2568 524 2613 veteranos
548 2556 622 2615 tueri
646 2553 744 2614 debeo
766 2574 776 2625 ;
803 2554 852 2629 sed
875 2557 946 2627 hos,

267 2630 371 2713 quibus
393 2630 494 2693 sanitas
511 2631 553 2694 est
569 2680 580 2712 ,
601 2634 680 2703 cercb
699 2635 805 2709 timere
821 2657 883 2700 non
902 2636 946 2704 de,-

267 2713 340 2779 beo.
368 2711 427 2777 Eos
450 2730 635 2789 veteranos,
657 2715 706 2795 qui
727 2735 784 2794 pro
808 2717 949 2797 republica

267 2812 348 2864 arma
369 2811 510 2872 ceperunt
525 2794 694 2876 ‚secutique
713 2793 776 2858 sunt
797 2793 836 2856 C.
861 2796 952 2857 Caesa-

266 2890 329 2937 rem
348 2871 516 2939 ausloritate
527 2874 736 2936 beneficiorum
747 2889 952 2955 paternorum,

258 2948 414 3053 'hodieque
444 2955 656 3053 rempublicam
688 2954 854 3036 defendunt
890 2970 952 3037 cum
