2125 3784
312 409 412 463 no
442 389 663 459 Minoum
774 402 829 481 59

141 524 235 568 :omes
258 502 269 565 ἓ
295 504 364 586 quid
390 504 485 564 minus
507 513 675 599 promptum
701 499 738 561 ad
766 522 828 583 pu·

141 606 244 670 gnam,
263 606 353 667 quum
373 584 482 665 penuid
499 585 644 657 irrentus,
662 582 752 643 rhedd
766 587 825 644 im·

141 666 272 748 peditus,
289 683 383 725 uxore
399 680 476 744 pene
489 658 652 724 constristuo
665 662 733 723 effer
744 664 755 724 ?
767 663 825 725 Vi·

141 747 205 809 dete
224 766 303 806 nunc
322 745 423 816 illum,
462 746 565 804 timum
585 745 785 826 egredientem
803 764 822 806 e

141 827 226 900 tilla,
250 825 363 898 subitb3
376 844 425 883 cur
437 764 460 884 d
469 822 583 905 vesperi
595 844 604 897 ;
618 825 686 964 puid
706 824 822 886 necesse

141 905 178 969 2st
196 906 209 966 ἓ
230 905 312 1028 rard}
329 925 339 978 3
359 906 407 987 qui
428 908 597 1001 convenit,
615 908 623 964 i
667 904 822 986 praesertim

141 1006 311 1148 ruffin
325 983 823 1127 dimissimus&

141 1145 205 1209 effe.
231 1146 340 1207 Villam
356 1162 388 1206 ut
404 1146 599 1228 perspiceret?
617 1146 720 1207 millies
735 1149 766 1205 in
784 1166 823 1207 ea

141 1226 238 1289 metat.
262 1227 345 1307 Quid
367 1246 438 1310 ergo
457 1244 653 1301 emmone,
678 1228 711 1286 δι
728 1229 824 1308 tergi·

142 1307 334 1369 versationis?
355 1306 425 1367 dum
441 1306 488 1366 hic
503 1309 638 1382 veniret,
656 1306 755 1368 locum
774 1324 825 1368 re·

142 1388 179 1449 iin
221 1407 269 1450 ere
285 1389 388 1448 noluit.

212 1467 271 1529 XI.
296 1467 364 1550 Age
382 1489 459 1528 nunc
474 1512 484 1542 ,
502 1467 557 1528 iter
581 1466 711 1548 expediti
733 1467 824 1528 latro·

142 1550 178 1609 nit
195 1568 264 1610 cum
275 1548 398 1608 Milonis
411 1547 628 1628 impedimentis
642 1563 825 1626 comparate.

142 1628 263 1708 Semper
279 1627 331 1685 iile
348 1642 435 1684 antea
451 1644 519 1683 cum
538 1644 658 1707 uxores,
678 1642 741 1683 rum
764 1627 827 1686 aine

142 1714 192 1769 eat
207 1726 278 1765 num
300 1722 367 1764 uam
382 1705 481 1764 nonin
492 1702 581 1764 rheda
593 1724 603 1776 3
615 1720 678 1764 rum
690 1705 719 1763 in
732 1722 825 1786 equo:

142 1788 262 1849 comites
310 1785 424 1858 manli,
441 1802 628 1866 quocumque
638 1785 718 1860 ibat,
736 1788 825 1847 etiam

142 1887 226 1951 quum
245 1868 274 1926 in
294 1863 383 1926 castra
401 1863 519 1925 Etrusca
540 1886 594 1946 pro
650 1866 738 1939 abat3
761 1884 824 1928 tum

142 1968 276 2031 nugarum
287 1947 465 2007 incomitata
475 1945 555 2006 nihil.
607 1945 665 2019 ilo,
717 1948 826 2005 inum-

142 2048 257 2111 poam,
283 2043 347 2088 tum
373 2026 437 2088 casu
463 2044 571 2108 pueros
597 1966 826 2108 sympddniacoa

142 2111 236 2169 uxoris
260 2107 414 2181 ducebat,
440 2108 472 2168 &
497 2105 665 2167 ancillarum
689 2127 825 2191 greges:

142 2190 187 2250 iiie
207 2233 217 2263 ‚
239 2192 290 2270 qui
316 2187 429 2268 semper
448 2187 543 2248 secum
565 2185 688 2262 scorta,
709 2187 825 2270 semper

142 2269 294 2344 exoletos,
308 2267 423 2350 semper
439 2267 520 2350 lupas
535 2267 679 2342 ducebat,
690 2287 752 2330 tum
770 2290 826 2329 ne·

142 2350 271 2423 minem,
291 2351 345 2409 nisi
361 2365 393 2409 ut
414 2350 511 2409 virum
525 2370 543 2409 a
560 2350 626 2410 vito
643 2349 748 2409 lesium
766 2348 824 2411 esse

142 2430 261 2491 diceres.
283 2424 345 2490 Cur
363 2431 449 2511 igitur
468 2427 561 2489 viatus
582 2427 623 2489 est
641 2428 653 2488 ἓ
673 2435 739 2511 quia
760 2450 825 2491 non

142 2513 252 2590 semper
274 2511 371 2571 viator
393 2530 410 2569 a
436 2509 581 2584 latrone,
604 2524 825 2590 nonnumquam

142 2592 230 2652 etiam
255 2589 329 2650 latro
352 2612 369 2650 a
395 2593 510 2651 viatore
534 2590 706 2650 occiditur:
730 2593 826 2669 quia,

142 2689 316 2754 quamquam
333 2688 446 2750 paratus
459 2674 490 2730 in
508 2671 665 2748 imparatos
682 2668 828 2743 Clodius,

142 2768 240 2812 tamen
258 2751 360 2812 mulier
375 2750 515 2811 inciderat
529 2750 559 2809 in
574 2751 667 2809 viros.

184 2831 232 2913 56.
253 2830 318 2892 Nec
329 2833 404 2892 vero
418 2835 458 2890 sic
473 2845 536 2891 etat
551 2847 691 2911 umquam
706 2849 766 2890 non
775 2852 828 2912 pa·

143 2930 219 2975 ratus
236 2911 315 2977 Milo
330 2927 434 2975 contra
449 2910 554 2988 iilum,
570 2925 604 2973 ut
619 2930 681 3053 rog
695 2908 760 3001 setis
778 2911 827 2978 fe!

692 3011 724 3072 v]
