2125 3784
290 333 612 414 Batinum
647 338 774 412 XIII.
798 354 878 433 '445

181 449 281 527 teat?
298 452 382 513 Licet
399 471 497 514 autem
513 457 623 516 nemini
638 473 739 518 contra
755 457 879 537 patriani

184 532 309 605 ducere,
319 536 496 606 exercitum
514 539 538 594 si
550 536 668 618 quidem
682 539 768 600 licere
785 537 816 597 id
831 537 880 597 di·

185 614 304 687 cimus,
323 614 403 692 quod
423 615 557 696 legibus,
597 617 658 677 uod
675 637 759 692 moto
780 616 880 696 majo·

186 692 469 775 tum,·institut-isque
480 637 658 757 conceditur.
672 695 777 778 Neque
787 701 880 769 enim,

189 774 274 856 quod
288 772 410 855 quisque
425 773 544 856 potest,
559 776 590 836 id
609 779 636 838 ei
653 776 722 837 licet
731 821 741 851 ‚
763 797 839 850 nec,
855 779 880 838 si

189 874 254 915 non
267 852 413 927 obstetur,
428 872 584 937 propterea
596 860 684 918 etiam
695 859 880 939 permittitur.

189 922 262 1024 Tilpi
282 937 362 995 enim
376 939 558 1011 exercitum,
571 937 715 1020 Lepide,
731 954 879 1019 tamquam

191 1016 352 1093 majoribus
368 1019 423 1076 tuis
439 1061 449 1090 ,
469 1020 563 1099 patria
579 1041 634 1099 pro
646 1017 678 1080 se
694 1019 776 1081 dedit
792 1039 799 1077 t
821 1019 880 1079 hoc

192 1111 228 1157 tu
240 1095 353 1157 arcebis
369 1094 505 1170 hostem3
525 1096 599 1160 fines
609 1101 881 1181 impetiiptopagaae

192 1175 254 1249 bis;
274 1174 382 1237 senatui
401 1180 572 1260 populoque
590 1178 880 1260 Romanopatebis,

193 1259 218 1318 si
276 1256 379 1321 amad
394 1259 481 1316 aliani
496 1275 600 1319 temte
618 1257 695 1319 forte
709 1260 877 1320 traduxerit.

270 1335 314 1397 Il.
340 1336 412 1397 Haec
430 1338 454 1396 si
471 1341 596 1420 cogitas,
613 1357 644 1398 es
657 1383 668 1406 .
680 1337 726 1398 M.
743 1338 878 1418 Lepide,

191 1417 327 1500 pontifex
348 1419 508 1492 maximus,
530 1417 576 1476 M.
596 1417 717 1497 Lepidi,
736 1417 881 1498 pontificis

193 1500 332 1571 maximi,
346 1519 511 1578 pronepos:
527 1500 570 1557 sin
586 1499 751 1558 hominibus
765 1515 884 1565 tantum

190 1575 411 1658 licereiudicas
429 1595 442 1652 ·,
461 1596 601 1658 quantum
620 1576 735 1658 poffunt
755 1597 764 1649 ;
788 1577 878 1652 vide,
962 1588 964 1592 '

193 1679 232 1721 ue
248 1660 347 1720 alienis
359 1660 517 1738 exemptis,
528 1657 615 1739 iisque
626 1658 880 1732 recent-ibus,uti,

195 1739 280 1813 ,uem
299 1741 331 1800 δι
347 1741 518 1819 antiquis&
537 1737 701 1799 domesticis
723 1737 810 1798 malle
832 1739 880 1798 vi·

194 1760 293 1882 dente.
310 1819 421 1898 -Qubd
446 1822 474 1878 si
487 1818 692 1880 ‘audotitatem
717 1820 879 1898 interponis

194 1903 256 1962 sine
273 1902 378 1972 armis,
391 1901 482 1981 tnagis
496 1901 631 1980 equidem
647 1899 754 1962 laudo:
769 1899 819 1959 sed
833 1901 879 1959 vi²

186 1981 233 2063 *de
250 2001 287 2041 ue
304 1981 361 2041 hoc
376 1979 469 2062 ipsum
480 2001 550 2060 non
564 1981 600 2040 sit
617 1977 739 2040 neceffc.
760 1978 879 2058 Quam·

194 2082 291 2145 quant.
309 2062 388 2122 enini
412 2058 453 2120 est
479 2077 559 2121 tanta
586 2062 621 2121 in
641 2078 671 2120 te
698 2059 879 2134 audetitas,

194 2161 302 2225 quanta
319 2142 408 2202 debet
423 2143 451 2200 in
467 2140 588 2202 homine
607 2141 787 2201 nobilissimo
802 2161 813 2215 ;
832 2159 881 2201 ta-

194 2244 265 2300 tuen
284 2221 398 2283 senatus
412 2219 519 2302 seipse
538 2242 597 2282 non
620 2224 801 2283 contemnit:
821 2241 878 2282 nec

191 2305 271 2366 ueto
289 2302 496 2383 fuit-umquam
518 2303 655 2384 gravior,
675 2301 879 2375 constantior,

193 2382 439 2449 fortiot.‚1ncen'si
450 2402 553 2443 omnes
564 2384 689 2461 rapimur
705 2381 743 2440 ad
760 2382 881 2441 liberta-

194 2481 259 2528 tem
273 2463 516 2544 tempe-andam:
533 2484 594 2523 non
605 2459 701 2542 potest
711 2462 794 2521 ullius
806 2482 877 2522 auc-

194 2549 311 2608 tocitate
327 2562 425 2604 tantus
439 2543 570 2616 scottiis,
583 2543 742 2622 populique
752 2541 880 2602 Rotnani

195 2627 284 2688 endor
298 2623 458 2705 exstingui:
474 2622 588 2683 odimus
602 2624 683 2680 :irati
701 2638 879 2701 pugnamus:

197 2708 365 2789 extotqueti
386 2707 424 2765 de,
437 2704 569 2764 manibus
580 2721 659 2760 arma
675 2703 735 2758 no'n
752 2699 887 2779 possuntt,

195 2789 329 2871 acceptui
346 2789 459 2868 signum
470 2829 481 2861 ,
491 2799 540 2846 aut
557 2781 806 2844 revocationema
817 2779 882 2841 bel·
