2125 3784
196 395 247 470 92
391 341 647 440 'ormo

235 484 280 547 11.
303 482 416 544 Nullius
432 501 545 545 tantum
564 482 605 545 est
622 485 730 546 flumen
747 482 877 569 ingenii,

185 567 272 630 nulla
299 565 441 639 dicendi,
466 583 514 626 aut
537 564 677 626 scribendi
699 582 780 625 tanta
803 568 878 641 vis,

188 663 333 726 ¹tantaque
356 648 459 725 copia,
503 668 546 706 uae
564 668 623 706 non
640 647 733 725 dicam
751 667 879 707 exorna-

193 748 246 801 re,
262 727 311 788 sed
325 746 471 800 enarrare,
483 667 522 787 ἓ.
539 725 656 798 Caesar,
671 747 716 787 res
732 743 796 786 tuas
811 747 879 808 ges·

193 825 238 868 tas
259 811 379 889 possit:
404 825 504 868 tamen
522 807 581 890 hoc
597 805 710 867 affirmo
730 852 740 880 ,
763 808 797 866 &
818 810 876 868 hoc

194 894 267 971 pace
286 890 381 949 dicam
398 888 447 946 tui
463 933 475 959 ‚
498 887 607 947 nullam
627 890 656 946 in
673 887 716 946 his
734 885 792 948 effe
813 888 880 948 lau-·

192 971 265 1030 deut
276 969 464 1048 ampliorem,
474 967 560 1049 quium
571 987 654 1042 eam,
665 988 751 1047 quam
761 967 880 1029 hodier-

197 1041 237 1110 ito
255 1050 301 1108 die
320 1046 488 1108 consecutus
506 1069 548 1108 es.

241 1148 267 1210 5.
290 1128 381 1189 Soleo
397 1127 471 1208 saepe
488 1147 555 1187 ante
567 1128 667 1189 oculos
679 1147 819 1267 ponere,
837 1127 881 1186 ida

193 1231 254 1294 ,que
271 1208 395 1269 libenter
413 1209 518 1289 crebris
531 1207 663 1288 usurpare
692 1208 881 1282 ermonibus,5

197 1310 301 1350 omnes
325 1287 488 1349 nostrorum
512 1291 750 1369 imperatorum,
777 1308 882 1349 omnes

198 1389 362 1430 exterarum
380 1371 535 1451 gentium,
554 1370 882 1449 potentissimorumque

196 1450 394 1532 populorum,
417 1467 519 1509 omnes
541 1448 764 1509 clarissimorum
780 1466 883 1531 regum

198 1550 245 1592 tes
257 1527 348 1612 gestas
363 1550 428 1589 curn
444 1531 500 1587 tuis
514 1548 569 1588 nec
586 1531 811 1589 contentionum
820 1539 883 1590 mai

199 1610 349 1694 gnitudine
366 1654 376 1683 ‚
393 1628 448 1669 nec
471 1628 594 1676 numero
612 1608 780 1689 proeliorum
796 1646 808 1681 ,
828 1628 883 1669 net

197 1693 337 1751 varietate
354 1691 531 1770 regionum,
551 1708 605 1750 nec
623 1689 770 1749 celeritate
790 1687 885 1750 confi·

200 1770 316 1842 ciendi,
330 1788 386 1828 nec
404 1768 630 1828 dissimilitudine
645 1769 790 1829 beliorum
802 1766 882 1849 poss'e

200 1848 351 1909 conferri:
376 1868 431 1907 nec
451 1848 525 1907 verb
546 1847 776 1925 disjundissimas
794 1864 884 1909 terras

200 1932 282 1990 citiius
309 1925 474 2010 cujusquam
498 1929 626 2008 passibus
654 1925 774 2009 potuiffe
799 1949 885 2008 pera·

201 2012 297 2090 grati,
310 2010 397 2088 quam
414 2010 468 2066 tuis
485 2028 546 2066 non
563 2009 655 2069 dicam
672 2010 819 2082 cursibus,
835 2007 886 2070 sed

203 2087 331 2148 vidoriis
349 2085 470 2147 lustratae
487 2085 559 2147 sunt.

244 2167 272 2226 6.
298 2165 374 2247 Quae
390 2167 506 2247 quidem
519 2188 577 2250 ego
593 2171 645 2228 nisi
658 2170 815 2249 iramagna
829 2166 886 2230 eise

202 2246 312 2320 fatear,
326 2264 357 2306 ut
373 2268 408 2307 ea
422 2250 470 2307 vix
485 2245 650 2330 cujusquam
668 2268 749 2307 mens
763 2266 812 2309 aut
830 2271 887 2310 co-

203 2330 305 2410 gitatio
321 2347 424 2407 capere
443 2331 557 2407 possit,
576 2349 675 2388 amens
688 2332 740 2386 sim
752 2348 760 2399 ;
773 2327 823 2389 sed
842 2347 888 2389 ta·

202 2428 272 2468 meu
289 2407 352 2467 sunt
369 2409 422 2467 alia
443 2407 553 2486 majora
572 2431 579 2468 ε
600 2430 667 2468 nam
685 2407 801 2467 bellicas
823 2409 887 2469 iau*

205 2488 255 2547 des
274 2488 366 2547 solent
381 2488 496 2567 quidam
514 2506 669 2549 extenuare
686 2490 802 2564 verbis,
822 2504 888 2550 eas·

204 2589 260 2650 que
277 2567 426 2628 detrahere
438 2568 575 2640 ducibus,
591 2568 804 2629 communicare
821 2589 888 2629 cum

205 2651 323 2722 multis,
342 2669 379 2708 ne
396 2650 520 2729 propriae
538 2652 592 2709 sint
608 2653 826 2729 imperatorum.
852 2649 888 2709 Et
902 2715 903 2719 ἵ

205 2732 284 2788 cette
310 2732 340 2788 in
361 2731 445 2788 armis
468 2730 588 2789 militum
612 2732 731 2802 virtus,
756 2726 901 2790 locorum'

205 2810 427 2884 opportunitas,
446 2810 547 2868 auxilia
566 2809 707 2869 sociorum
726 2853 738 2880 ,
756 2809 852 2870 clariss
871 2827 883 2882 3

206 2906 412 2966 commeatus,
437 2888 559 2951 multum
581 2887 708 2972 juvant:
730 2893 886 2954 maximam
