2125 3784
252 354 304 449 76
435 307 699 431 ,bnarro

250 481 378 538 taretur;
402 465 427 525 si
444 466 575 547 ingrata,
594 484 692 526 tamen
718 467 749 526 in
769 469 856 548 gravi
880 466 942 529 fors

251 566 320 606 tuna
338 546 512 606 conscientid
532 547 582 606 sua
598 551 749 608 niteretur.
778 546 840 608 Sed
862 547 940 628 hujus

249 625 385 687 beneficii
405 630 542 709 gratiam,
554 627 570 688 J
573 628 670 688 udices
681 673 691 700 ,
702 627 824 688 fortuna
842 630 942 710 populi

250 707 400 779 Romani,
414 709 445 768 δι
461 706 554 768 vestra
570 706 711 780 felicitas,
727 708 761 768 &
774 708 815 768 dii
824 711 942 769 immor-

251 788 325 849 tales
345 789 399 847 sihi
423 788 524 849 deberi
542 804 643 868 putant
659 810 667 847 r
686 809 742 848 nec
761 790 841 849 verb
863 792 941 871 quis·

253 890 342 950 quam
358 869 441 929 aliter
459 869 588 929 arbitrari
603 866 718 950 potest,
735 870 793 929 nisi
812 871 865 950 qui
882 870 942 930 nul·

253 951 314 1010 lam
336 947 515 1028 majestatem
533 946 590 1009 esse
613 949 711 1020 ducit,
728 964 885 1010 numenve
901 950 943 1011 di·

253 1033 356 1091 vinum
368 1051 374 1088 :
388 1051 476 1110 quem
493 1049 589 1109 neque
599 1030 711 1109 imperii
729 1026 820 1093 vestri
831 1033 941 1112 magni·

253 1111 346 1185 tudo,
366 1131 461 1191 neque
480 1107 523 1168 sol
540 1110 609 1181 ille,
624 1129 678 1168 nec
696 1109 764 1168 coeli
779 1110 942 1189 signorum·

253 1211 312 1273 que
332 1209 452 1264 motus,
470 1209 525 1250 nec
546 1187 756 1249 vicissitudines
776 1210 878 1250 rerum
899 1208 943 1251 at-

254 1292 313 1351 que
331 1272 446 1330 ordines
459 1287 602 1343 movent,
620 1289 657 1329 ne
698 1288 732 1343 e,
744 1268 777 1327 id
788 1271 875 1350 quod
884 1293 942 1333 ma·

254 1354 366 1411 ximum
380 1349 441 1424 est,
460 1348 604 1429 majorum
618 1371 658 1409 no
684 1370 781 1409 rorum
794 1349 942 1431 sapientia,

255 1435 306 1514 qui
333 1429 430 1503 sacra,
449 1432 498 1509 qui
517 1432 724 1501 caeremonias,
747 1432 798 1511 qui
821 1431 943 1513 auspicia

257 1513 367 1592 &ipsi
386 1509 557 1571 sandtissime
583 1511 755 1584 coluemut,
783 1509 818 1573 ἃ
841 1512 942 1587 nobis,

255 1591 312 1657 suis
330 1591 473 1672 posteris,
513 1590 694 1652 rodiderunt.
861 1660 865 1667 ⁵

257 1728 262 1738 ,
299 1671 433 1731 XXXI.
457 1612 525 1744 Ed,
545 1670 585 1732 est
598 1670 731 1752 profedb
750 1669 800 1731 illa
812 1672 942 1735 visrne·

257 1770 315 1832 que
338 1754 367 1810 in
382 1752 424 1810 his
438 1752 634 1831 corporibus,
653 1768 741 1833 atque
761 1752 791 1811 in
809 1752 866 1813 hac
887 1755 943 1815 im·

256 1829 415 1897 berillitate
428 1828 524 1893 nostra
534 1828 606 1893 inest
625 1832 782 1912 quiddam,
797 1833 881 1912 quod
898 1834 943 1892 vi·

258 1931 347 1996 gear,
364 1914 396 1974 ὃ(
405 1910 527 1986 sentiat,
540 1912 573 1973 δι
586 1933 647 1975 non
659 1911 730 1974 inest
743 1913 774 1971 in
786 1911 846 1973 hoc
862 1928 943 1974 tanto

258 2011 368 2053 naturae
382 2010 442 2051 tam
460 1993 598 2071 ptaeclaro
618 2010 718 2054 motu:
734 1994 790 2052 nisi
805 1991 884 2055 forte
897 1993 945 2054 id·

258 2074 338 2131 circo
356 2068 412 2133 effe
426 2093 487 2132 non
500 2091 623 2153 putant,
643 2077 784 2155 quianon
800 2090 942 2155 apparet,

259 2171 317 2217 nec
329 2154 470 2225 cernitur3
486 2155 611 2233 proinde
621 2157 701 2235 quasi
712 2150 839 2214 nostram
855 2153 945 2235 ipsam

260 2250 392 2294 mentem
412 2234 469 2314 qua
492 2232 635 2314 sapimus,
652 2235 710 2316 qud
731 2233 944 2315 providemus,

260 2315 318 2394 quai
336 2314 397 2373 haec
415 2313 474 2394 ipsa
487 2318 596 2394 agimus
609 2336 642 2374 ac
663 2316 801 2389 dicimus,
818 2316 945 2391 videre,

261 2412 311 2454 aut
326 2394 432 2476 plane,
451 2396 557 2475 qualis,
568 2414 617 2455 aut
630 2397 744 2469 ubisit,
760 2394 866 2457 sentire
869 2418 946 2537 pos·

259 2478 358 2537 simus.
385 2473 428 2533 Ea
451 2476 515 2546 vis,
537 2494 571 2533 ea
599 2474 639 2533 est
658 2477 760 2556 igitur,
785 2496 852 2555 quae
880 2496 944 2557 aepe

259 2554 441 2618 incredibiles
454 2553 519 2613 huic
531 2553 593 2614 urbi
604 2553 759 2627 felicitates·
769 2573 857 2636 atque
870 2576 945 2637 opes

259 2639 373 2711 attulit3
389 2656 452 2717 quae
467 2634 546 2694 illam
562 2639 721 2716 perniciem
738 2634 890 2711 exstinxit,
910 2659 945 2698 ae

260 2716 390 2777 sustulit:
412 2718 457 2775 cui
480 2718 604 2796 primurn
626 2735 755 2777 mentem
776 2713 896 2794 injecit,
914 2733 947 2779 ut

259 2795 292 2857 ui
309 2798 432 2873 irritare,
445 2796 581 2881 ferroque
600 2795 734 2857 laceffere
756 2795 946 2859 fortissimum

257 2874 354 2943 uirum
383 2877 526 2954 auderet,
561 2875 785 2967 vincereturque
814 2876 850 2939 ab
880 2899 946 2957 eo,
