2125 3784
355 387 455 442 uno
483 312 706 443 Mtnoun.
815 385 868 470 ‘33

182 485 235 560 se,
258 482 336 568 qui,
354 506 442 568 quum
465 509 482 546 a
505 485 545 548 C.
569 484 732 560 Carbone,
751 484 871 547 tribuno

184 566 298 649 plebis,
317 567 509 626 inconcione
527 565 659 628 seditiose
676 568 876 648 interrogare·

184 665 251 721 tur,
270 645 388 728 quidde
406 644 477 706 Tib.
492 644 618 706 Gracchi
628 662 720 707 morte
735 645 873 722 sentiret,

183 725 337 808 respondit
353 722 416 804 jure
435 725 534 788 cesum
548 727 649 788 videri.
667 725 772 807 Neque
792 729 875 788 enim

183 806 283 889 posset
302 823 352 866 aut
362 804 454 870 Ahala
465 806 512 876 ille
528 805 686 880 Servilius,
697 824 745 867 aut
758 805 792 867 P.
810 805 875 867 Na·

186 891 270 960 sica,
284 902 331 945 aut
340 884 375 947 L.
392 883 546 968 Opimius,
557 903 606 948 aut
615 884 653 947 C.
666 887 792 961 Marius,
803 903 874 962 aut,

189 988 241 1028 me
255 964 387 1039 consule,
404 964 517 1028 senatus
536 988 597 1028 non
616 965 739 1028 nefarius
753 966 873 1043 haberi,

190 1051 216 1108 si
232 1046 383 1109 sceleratos
397 1050 477 1108 cives
493 1046 616 1109 interfici
630 1044 712 1110 nefas
725 1045 804 1107 effet.
820 1046 877 1108 Ita·

212 1150 248 1190 ue
264 1128 339 1203 hoc,
355 1127 472 1189 Iudices
487 1172 496 1201 ‚
514 1150 576 1188 non
590 1129 652 1189 sine
667 1126 767 1202 causa,
784 1130 875 1189 etiam

189 1149 261 1269 duis
281 1207 381 1268 fabulis
399 1253 411 1282 ‚
428 1208 585 1269 doffissimi
607 1210 742 1269 homines
759 1228 878 1268 memo·

192 1292 242 1349 riae
252 1288 459 1370 prodiderunt,
472 1309 559 1363 eum,
575 1291 623 1370 qui
639 1290 727 1371 patris
740 1284 878 1348 ulciscen-

195 1369 225 1427 di
243 1368 325 1429 causd
343 1385 469 1430 matrem
487 1366 664 1443 necaviss'et,
682 1369 798 1430 variatis
817 1368 879 1427 ho·

192 1451 300 1510 minum
315 1446 483 1522 sententiis,
498 1469 560 1508 non
569 1447 663 1509 solum
672 1447 815 1519 humani,
826 1446 879 1508 sed

191 1531 281 1590 etiam
298 1526 512 1609 sapientissimae
531 1528 594 1588 deae
607 1526 751 1589 sententii.
770 1527 880 1588 libera·

190 1627 268 1670 tum.
295 1607 434 1686 Qubd'si
458 1607 615 1666 duodecim
631 1607 737 1665 tabuiae
761 1604 881 1665 nodut-

194 1709 268 1748 num
282 1684 398 1758 furem,
417 1705 538 1824 cinoquo
550 1683 661 1758 mod03
678 1683 811 1745 diurnum
829 1706 881 1745 au·

196 1771 282 1840 cem,
305 1766 328 1825 si
345 1763 373 1825 se
393 1782 455 1825 teo
475 1763 664 1839 defenderit,
688 1763 807 1827 interfici
821 1768 882 1826 im-

193 1847 275 1931 'pund
297 1846 475 1918 voluerunt3
496 1847 559 1926 quis
581 1843 643 1921 est,
663 1848 737 1926 qui,
759 1867 882 1928 quoquo

194 1927 290 1995 modo
307 1929 368 2008 quis
379 1925 547 1987 interfeeius
562 1929 617 1999 sit,
650 1925 809 1985 uniendum
827 1948 883 2007 pu·

197 2025 261 2083 tet,
283 2027 371 2088 quum
387 2006 487 2067 videat
510 1948 664 2086 aliquando
680 2005 807 2087 gladium
826 2028 884 2067 no-

196 2089 243 2151 bis
260 2089 297 2148 ad
310 2087 505 2166 occidendum
518 2088 667 2148 hominem
682 2086 718 2147 ab
730 2089 799 2170 ipsis
809 2107 884 2172 por-

198 2171 253 2252 rigi
270 2165 404 2251 legibus?

239 2247 304 2309 IV.
331 2247 423 2329 Atqui
448 2249 473 2307 si
495 2264 612 2329 tempus
638 2245 680 2309 est
705 2248 797 2309 ullum
819 2245 884 2328 jure

200 2330 326 2390 hominis
346 2328 488 2401 necandi,
505 2349 569 2410 quae
589 2330 680 2390 multa
697 2328 760 2390 sunt
776 2373 791 2401 5
806 2331 886 2389 certe

199 2409 271 2471 illud
289 2405 329 2469 est
348 2429 409 2468 non
422 2407 514 2469 modo
532 2406 658 2488 justum,
677 2412 886 2470 verumetiam

202 2487 388 2555 necessarium
404 2533 415 2562 ,
436 2508 525 2570 quum
545 2491 576 2550 vi
595 2491 639 2550 vis
655 2489 735 2550 illata
754 2487 887 2548 defendi·

203 2588 260 2630 nur.
285 2566 452 2630 Pudicitiam
475 2590 564 2651 quum
584 2572 709 2649 eriperet
729 2568 811 2627 militi
837 2569 890 2627 tri·

206 2651 300 2711 hunus
318 2649 446 2709 militaris
456 2650 487 2709 in
503 2650 632 2710 exercitu
645 2647 684 2710 C.
701 2647 805 2718 Marii,
820 2669 890 2728 pro·

206 2732 331 2812 pinquus
351 2726 414 2807 ejus
437 2729 619 2810 imperatoris
637 2724 647 2799 ,'
669 2725 832 2787 interfectus
852 2729 893 2788 ab

205 2831 245 2870 eo
265 2808 307 2871 est
324 2855 335 2885 ,
354 2811 400 2869 cui
421 2811 482 2869 vim
503 2804 654 2869 afferebat.
677 2805 785 2871 Facere
811 2811 894 2869 enim

204 2890 318 2977 probus
337 2885 505 2953 adolescens
514 2887 685 2977 periculose
698 2889 814 3031 53un
829 2907 900 2968 pet·¹

272 2992 276 2997 ’
743 2990 763 3031 v

838 3302 937 3410 Γ
