2125 3784
193 375 273 452 '224
309 357 367 428 In
390 357 440 427 Μ.
462 352 751 426 Art-romunt

183 473 239 549 tibi
254 476 284 532 in
300 473 410 556 legibus
433 471 465 532 δι
485 475 517 530 in
537 469 649 549 judiciis
671 470 730 533 ess'e
752 464 873 552 poteli‚·

184 573 249 632 quae
265 569 297 612 tu
309 598 318 627 ‚
330 571 470 648 quantum
484 555 515 611 in
529 568 558 611 te
574 550 648 625 fuit,
663 552 819 613 dominatu
830 564 871 612 re'·

184 635 236 714 gio
253 631 404 699 sustulisti?
424 631 536 692 ideone
553 631 587 692 L.
601 630 777 712 Tarquinius
792 651 873 693 exac-

184 727 231 785 tus
242 732 252 784 ;
274 711 326 794 Sp.
345 711 481 787 Cassius,
502 710 631 785 Melius,
654 711 700 773 M.
722 712 873 785 Manlius,

186 796 303 867 necati,
321 811 352 854 ut
372 793 467 852 multis
484 789 549 872 pbst
563 790 687 866 seculis,
706 814 724 852 a
740 792 790 853 M.
810 790 873 851 Aa·

185 873 294 944 eonio,
311 875 393 954 quod
410 871 453 933 fas
465 893 525 932 non
542 870 667 945 est,rex
683 871 793 934 Romae
807 893 874 932 con·

184 951 370 1013 stitueretur?
385 952 444 1014 Sed
459 952 496 1012 ad
514 950 636 1033 auspicia
648 953 815 1013 redeamus.

228 1031 377 1093 XXXV.
402 1032 452 1092 De
467 1033 570 1113 quibus
581 1033 667 1092 rebus
682 1031 783 1092 Idibus
796 1031 874 1092 Mat·

186 1112 308 1173 tiisfuit
325 1116 355 1173 in
376 1112 475 1174 senatu
498 1109 599 1184 Caesar·
614 1111 752 1185 asturus,
777 1130 872 1194 quaero
906 1116 909 1121 ’

186 1208 251 1252 tum
270 1211 301 1252 tu
319 1193 387 1275 quid
406 1200 422 1254 e'
443 1191 524 1253 isles:
537 1191 690 1253 audiebam
708 1192 829 1274 quidem
844 1209 873 1252 te

185 1291 319 1353 patarum
342 1275 410 1335 veni
433 1294 479 1347 e,
500 1271 580 1354 qubd
600 1293 648 1333 me
666 1273 705 1333 de
728 1273 873 1334 ementitis

186 1351 314 1433 auspiciis
334 1397 352 1425 ,.
374 1355 476 1434 quibus
502 1368 601 1412 tamen
629 1372 732 1434 patere
761 1349 873 1414 necelle

165 1450 270 1507 stat,
288 1444 401 1513 putares
419 1431 475 1495 elle
491 1431 642 1493 dieiurum.
657 1431 776 1494 Sustulit
787 1433 874 1492 illum

171 1504 268 1574 ‘diem
287 1514 403 1575 fortuna
417 1508 519 1596 popitli
532 1513 680 1574 Romani:
699 1534 771 1573 num
788 1515 875 1572 etiam

187 1611 270 1654 tuum
284 1595 321 1656 de
339 1595 391 1656 aus
408 1598 465 1656 ielis
482 1592 619 1674 judicium
633 1595 764 1654 interitus
776 1591 874 1654 Caesa·¹

185 1674 226 1733 'ris
239 1674 366 1736 sustulit?
381 1618 440 1736 ged
456 1675 543 1735 incidi
558 1676 587 1733 in
602 1673 632 1732 id
647 1693 763 1755 tempus
773 1718 784 1748 ‚
795 1671 875 1755 quod

187 1755 222 1813 iis
245 1755 357 1828 rebus,
377 1757 407 1813 in
431 1776 501 1836 quas
524 1752 646 1836 ingrella
664 1772 726 1816 erat
753 1757 874 1827 oratio,

186 1834 423 1914 praevertendum
446 1833 496 1896 est.
527 1834 604 1914 Quae
622 1851 671 1895 ma
688 1833 785 1916 fuga?
814 1854 875 1916 qua

188 1913 319 1995 'formido
340 1916 477 1997 praeclaro
497 1916 547 1975 illo
569 1914 647 1975 diei
670 1935 735 1995 quae
754 1933 875 1997 propter

188 1995 393 2066 conscientiam
416 1996 556 2056 scelerum
585 1992 748 2075 desperatio
776 1998 871 2068 vitae;

188 2094 278 2154 quum
299 2097 334 2136 ex
350 2078 397 2135 illa
415 2075 503 2156 fuga,
521 2074 666 2136 beneficio
684 2095 810 2147 eorum,
827 2076 875 2156 qui

188 2171 239 2228 re,
256 2159 279 2215 si
295 2157 376 2216 sanus
393 2155 484 2230 elles,
498 2155 608 2217 salvum
624 2154 681 2216 elle
696 2156 874 2227 voluerunt3

188 2236 265 2294 clam
283 2253 313 2299 te
333 2239 455 2298 domum
475 2236 629 2318 recepisti?

134 2333 154 2351 ²
234 2316 282 2394 89.
313 2316 345 2379 O
372 2338 438 2378 mea
464 2315 565 2376 frustra
590 2315 703 2396 semper
726 2316 875 2378 verissima

188 2398 307 2475 auguria
325 2417 421 2458 rerum
437 2396 610 2458 futurarum!
628 2397 762 2457 dicebam
776 2398 829 2457 illis
844 2399 874 2456 in

191 2473 342 2556 Capitolio
361 2477 562 2543 liberatoribus
581 2476 702 2549 nostris,
719 2499 810 2558 quum
827 2496 875 2537 me

188 2554 227 2614 ad
252 2572 280 2616 re
307 2559 347 2618 ire
370 2559 507 2631 vellent,
535 2575 566 2618 ut
592 2557 630 2617 ad
658 2556 875 2631 defendendam

189 2639 399 2716 rempublicam
417 2656 447 2698 re
469 2639 665 2711 adhortarer,
688 2639 787 2717 quoad
809 2658 876 2698 me·

188 2731 309 2793 tueres,
332 2721 430 2780 omnia
450 2734 479 2780 te
496 2717 716 2800 promiffurum:
738 2719 823 2778 simul
842 2739 875 2778 ae

108 2866 112 2871 ῃ
189 2794 293 2867 timere
318 2799 461 2871 desiiiles,
483 2801 607 2860 similem
627 2817 657 2860 te
677 2797 805 2859 futurum
824 2801 876 2858 tuit

190 2870 289 2954 ltaque
312 2902 401 2962 quum
417 2883 507 2945 ceteri
523 2879 686 2964 consulares
703 2881 781 2942 irent
795 2924 805 2955 ,
825 2898 877 2952 req

75 3152 252 3460 Ὗ
