2125 3784
169 414 250 498 392
288 399 343 468 lu
370 397 422 468 M.
445 389 738 468 Auromrt'lr

168 509 267 575 vitutis
282 512 418 573 ridetis..
436 510 471 571 ln
487 509 614 573 Galliam
635 512 741 574 invasit
760 507 854 571 Ant&

168 595 250 670 nius,
259 595 290 652 in
301 594 402 652 Asiam
413 590 592 666 Dolabella;
604 595 636 654 in
648 591 774 652 alienam
783 607 856 651 uter·

170 692 228 768 que
245 675 447 754 provinciam:
462 673 544 734 alteri
563 673 593 734 se
608 668 713 734 Brutus¹
729 668 857 750 objecit,

169 770 372 835 impetumque
394 753 535 828 furentis,
554 771 641 836 atque
662 754 764 814 omnia
776 751 857 814 dire·

158 854 259 908 ¹aare,
275 835 308 895 δι
326 834 450 915 diripere
469 837 634 917 cupientis,
652 837 722 896 vitae
733 832 790 893 suae
806 850 858 914 pe·

169 915 272 976 riculo
285 915 453 997 colligavit,
472 914 618 998 progreffu
633 917 751 987 arcuit,
770 934 787 973 a
810 932 859 974 re·

170 994 234 1055 ditu
244 994 421 1056 refrenavit:
440 996 569 1056 obsideri
585 996 614 1057 se
626 992 719 1077 pallus
733 1013 774 1068 er
782 1010 860 1055 utra·

98 1093 100 1096 ’
153 1083 159 1091 ”
214 1095 231 1136 e
250 1091 331 1157 parte
347 1073 516 1136 constrinxit
533 1075 707 1136 Antonium.
733 1073 820 1135 Alter
831 1077 860 1135 in

160 1096 401 1238 -Tsiamirrupim
424 1156 495 1216 cur?
510 1156 551 1230 si,
565 1174 597 1216 ut
608 1159 639 1216 in
655 1154 796 1236 Syriam,
807 1176 861 1235 pa·

173 1237 260 1298 tebat.
275 1239 342 1311 ria,
364 1238 397 1297 ἃ
416 1252 514 1310 certa,
531 1256 637 1318 neque,
650 1235 702 1296 lon
742 1265 745 1274 ·
778 1232 860 1314 Quid

161 1337 250 1398 opus
277 1316 331 1379 fuit
356 1337 423 1377 cum
451 1317 567 1398 legione
595 1319 739 1398 praemio
763 1314 860 1376 Marso

173 1398 272 1460 nescio
299 1419 358 1480 quo
379 1397 531 1470 Osterio,
557 1395 696 1458 scelerato
722 1395 859 1468 latrone,

163 1488 264 1562 'atque
280 1485 408 1560 egente,
425 1481 474 1560 qui
493 1478 681 1560 popularetur
697 1498 713 1537 a
750 1496 860 1550 os,ve·

176 1577 260 1622 xaret
278 1560 387 1634 urbes,
411 1581 474 1620 non
494 1559 532 1619 ad
555 1558 634 1640 spem
654 1579 710 1619 con
737 1557 860 1620 'tuende

177 1642 222 1702 rei
247 1639 416 1714 familiaris,
443 1660 531 1721 quam
557 1658 660 1700 tenere
689 1659 759 1698 eum
783 1636 860 1720 poffe

177 1737 286 1802 negant
305 1722 353 1802 qui
371 1738 477 1780 norunt
486 1742 497 1793 3
507 1721 578 1780 mihi
593 1722 670 1780 enim
685 1719 733 1778 hic
750 1719 860 1782 senator

166 1802 303 1882 ignotus·
321 1799 387 1873 ell3
415 1801 465 1860 sed
487 1801 526 1860 ad
552 1800 723 1881 praesentem
751 1798 861 1883 pastum

178 1882 370 1943 mendicitatis
387 1878 464 1940 suae?

223 1981 249 2044 ς.
267 1959 447 2023 Consecutus
462 1958 503 2022 est
514 1958 696 2035 Dolabella,
713 1960 792 2022 nulli
815 1960 860 2021 su·

179 2041 308 2122 spicione
322 2042 408 2100 belli:
421 2043 483 2120 quis
501 2042 579 2100 enim
589 2039 619 2099 id
632 2041 767 2122 putaret?
781 2042 862 2104 seeu-

178 2138 217 2181 tae
236 2121 446 2180 collocutiones
464 2118 689 2182 familiarissimae
707 2143 774 2183 rum
787 2121 862 2185 Tre·

176 2201 270 2261 bonio
284 2221 295 2273 ᾗ
307 2200 480 2280 complexus
495 2223 532 2262 ue
550 2201 666 2263 summae
679 2203 861 2264 benevolen-

176 2281 225 2341 tiae
242 2280 305 2341 falsi
317 2281 426 2341 indices
440 2223 609 2345 existerunt
624 2287 655 2343 in
666 2304 768 2343 amore
778 2287 863 2345 simu·

177 2361 239 2422 lato
252 2383 259 2422 ε
274 2362 419 2436 dexterae,
438 2384 501 2445 quae
520 2361 590 2425 fidei
607 2363 693 2425 testes
710 2363 767 2425 elle
788 2364 862 2426 sole·

179 2443 272 2516 bant,
300 2442 418 2523 perfidia
446 2444 508 2504 sunt
532 2442 693 2506 &scelere
721 2446 860 2506 violatae:

180 2523 337 2584 aeduinus
360 2526 490 2585 introitus
519 2524 702 2605 Smyrnam,
725 2528 807 2605 quasi
835 2527 862 2587 in

180 2603 305 2666 hostium
323 2605 447 2677 urbem,
470 2627 534 2686 quae
553 2605 593 2666 est
611 2604 862 2681 fidelissimorum,

179 2688 501 2768 antiquissimorumque
527 2685 692 2747 sociorum:
713 2686 863 2767 oppreffus

181 2765 349 2830 Trebonius
362 2789 372 2841 ;
390 2771 414 2827 si
430 2786 462 2828 ut
478 2768 515 2827 ab
534 2789 592 2841 eo,
606 2769 655 2849 qui
665 2768 765 2849 aperte
777 2767 863 2829 hostis

182 2848 276 2924 ellet,
299 2853 427 2911 incautus
439 2872 449 2922 3
474 2852 497 2908 si
516 2866 548 2909 ut
574 2849 610 2908 ab
630 2869 693 2925 eo,
719 2851 769 2928 qui
794 2850 862 2909 civis

181 2931 271 2993 etiam
295 2946 358 2993 tum
382 2930 509 3012 speciem
532 2929 676 3006 haberet,
702 2928 798 2992 miser.
820 2928 863 2990 Ex
