2125 3784
306 364 308 378 s
323 295 375 372 50
511 251 513 256 ’
550 254 659 342 ΟΜ
678 287 734 342 τι
751 292 777 342 o

364 405 412 466 37.
424 385 496 448 Vidi
507 390 603 461 enim,
615 389 678 448 vidi
690 389 766 447 hunc
777 386 867 468 ipsum
878 383 919 466 Q.

317 471 463 542 tensium,
477 469 576 528 lumen
602 469 634 527 &
651 486 854 529 ornamentum
871 471 919 548 reip

319 571 382 621 cae,
399 569 476 628 pene
494 546 613 608 interfici
626 548 775 610 servorum
788 569 897 620 manu,
915 573 919 601 ⁴

318 628 389 688 mihi
407 627 534 689 adeffet:
553 648 610 709 qua
634 630 666 687 in
686 631 770 689 turba
784 627 821 690 C.
841 628 919 687 Vibi‹

317 708 432 770 senator
444 754 454 782 ‚
472 712 518 768 vir
531 711 675 788 optimus,
686 729 753 768 cum
764 710 822 768 hoc
833 729 919 788 quum

317 789 395 863 ursa,
412 793 452 850 ita
474 788 515 850 est
531 789 687 862 multatus,
709 806 740 848 ut
759 792 849 849 vitam
874 808 919 847 am

318 869 420 951 Itaque
438 869 556 951 quando
569 869 642 929 illius
655 867 756 950 postea
767 871 824 928 sica
838 868 906 941 illa,

318 973 339 1010 a
350 949 475 1012 Catilina
490 967 660 1029 acceperat,
677 947 864 1031 conquievit?
878 947 919 1008 He

319 1048 431 1097 tentata
448 1031 534 1090 nobis
553 1028 688 1090 estzhuic
707 1051 765 1112 ego
783 1049 837 1090 vos
850 1026 919 1107 obii:

320 1131 371 1175 me
388 1133 449 1172 non
466 1109 527 1171 sum
545 1105 659 1191 passus:
677 1110 739 1171 haec
765 1110 896 1170 insidiata
914 1109 919 1168 ]

320 1193 390 1273 peio
412 1189 474 1252 est:
489 1192 552 1251 haec
570 1189 651 1251 istam
667 1189 819 1272 Appiam,
835 1206 919 1249 mont

319 1288 383 1331 tum
396 1269 437 1331 sui
454 1273 600 1344 nominis,
619 1291 690 1332 nece
709 1271 811 1350 Papirii
826 1287 919 1331 cruem

320 1352 402 1423 haec,
423 1351 484 1412 haec
505 1353 611 1412 eadem
635 1353 726 1432 longo
749 1351 904 1411 intervallo

321 1429 404 1493 versa
426 1431 521 1493 rursus.
539 1429 581 1492 est
599 1434 629 1491 in
648 1445 696 1494 me
720 1452 727 1491 ι
748 1449 839 1512 nuper
863 1434 919 1512 qui«

322 1530 356 1575 ut
378 1511 473 1588 scitis,
501 1533 551 1573 me
577 1511 617 1572 ad⁸
640 1513 750 1594 regiam
771 1531 848 1595 pene
869 1533 919 1571 cor

367 1591 415 1671 38.
426 1592 509 1670 Quid
523 1593 615 1652 simile
630 1593 771 1654 Milonis?
789 1590 868 1670 cujus
885 1593 919 1654 vi

322 1673 367 1731 nis
378 1670 439 1729 haec
451 1670 565 1752 semper
578 1670 652 1742 fuit,
667 1691 705 1730 ne
716 1671 748 1730 P.
758 1670 899 1745 Clodius,

323 1753 355 1812 in
375 1748 515 1829 judicium
536 1748 646 1809 detrahi
668 1770 728 1810 non
756 1748 871 1830 poffet‚
894 1754 919 1808 vi

323 1829 449 1914 pressam
466 1833 619 1891 civitatem
632 1844 763 1890 teneret:
778 1848 867 1910 quem
883 1831 919 1888 si:

324 1911 420 1970 ficere·
433 1908 583 1981 volumen
598 1925 711 1990 quan'tae
719 1953 731 1981 ,
745 1911 859 1989 quoties
877 1931 919 1970 oc.

325 1988 668 2070 nes,qu31mpraeclarae
691 1987 827 2050 fuerunt?
849 1988 919 2050 Potu

326 2089 414 2150 quum
433 2069 555 2130 domum
572 2091 605 2129 ae
623 2068 696 2129 deos
714 2088 835 2152 penates
849 2069 914 2130 suos

326 2169 539 2230 oppugnante,
560 2149 753 2224 defenderet,
770 2149 832 2232 jure
848 2149 876 2215 se
891 2152 919 2211 ul

325 2233 480 2370 potuitne,
498 2234 562 2292 cive
577 2235 698 2313 egregio
716 2233 822 2295 &viro
839 2230 919 2291 fortis

352 2355 361 2371 .
375 2311 497 2385 Sextio,
521 2312 635 2393 colleg&
652 2312 723 2387 suo,
743 2309 919 2375 vulnerato?

326 2394 440 2466 mitae,
458 2392 501 2472 Q.
511 2392 662 2466 Fabricio,
678 2395 743 2454 viro
763 2396 877 2474 optimo
889 2436 902 2463 ,

328 2473 368 2535 de
380 2473 475 2535 reditu
493 2493 565 2534 meo·
582 2473 679 2556 legem
698 2471 809 2548 ferret,
823 2471 919 2554 pulsQ

328 2554 475 2616 delissima
491 2555 519 2612 in
543 2554 613 2617 foro
631 2553 710 2615 caede
730 2553 824 2618 faffl?
849 2563 919 2632 potu

327 2633 363 2693 L.
374 2633 501 2709 Caecihi,
519 2633 661 2712 justissimi
678 2633 882 2713 fortissimique
897 2654 916 2712 p

326 2713 383 2784 ris,
398 2735 480 2795 oppa
500 2717 568 2776 nat&
587 2713 698 2776 domo?
720 2717 851 2836 potuitne
866 2712 919 2773 illo·

325 2811 416 2872 quum
427 2794 467 2856 est
479 2737 538 2857 fata
552 2795 600 2858 lex
612 2792 649 2856 de
665 2814 730 2855 me.
747 2815 835 2876 quum
846 2795 919 2856 totiu
