2125 3784
254 254 304 328 66
478 249 696 319 onArro

248 364 397 448 republici
418 363 561 445 suscepti,
581 364 699 424 nimiam
719 362 828 425 nullam
842 358 932 446 p‘uta·
978 364 987 435 ’ᾗ

248 450 326 510 bam.
346 446 590 528 frequentissimo
605 443 703 504 senatu
721 467 814 526 nuper
825 448 854 505 in
872 445 933 509 Ca·

248 529 354 610 pitolio
368 527 481 587 senator
498 528 632 586 inventus
650 523 709 598 est,
727 530 775 608 qui
788 525 934 587 Milonem

251 630 319 668 cum
337 609 398 669 telo
410 605 468 669 elle
485 607 613 667 diceret:
630 606 749 666 nudavit
764 605 793 666 se
808 610 838 667 in
857 605 936 667 sanc·

247 692 361 750 tissimo
375 689 506 769 templo,
520 687 658 768 quoniam
671 689 730 747 vita
746 688 809 747 talis
821 687 852 747 &
864 689 935 748 civis

251 771 286 829 ὃ(
295 774 349 830 viri
366 769 523 830 fidemnon
537 768 678 842 faciebat,
689 769 761 842 nisi,
781 787 819 830 eo
835 786 933 828 tacen-

248 867 301 924 te,
322 872 368 910 res
388 850 446 931 ipsa
462 849 639 930 loqueretur.

290 929 402 990 XXV.
426 929 537 990 Omnia
565 927 656 1000 falsa,
686 945 772 1024 atque
796 927 934 988 insidios&

249 1008 315 1070 fisla
334 1027 487 1090 comperta
500 1007 574 1068 sunt.
598 1007 692 1089 Qubd
712 1030 734 1068 sr
750 1026 848 1069 tamen
867 1027 936 1068 me·

248 1094 338 1151 tuitur
347 1093 434 1152 etiam
444 1111 520 1149 nunc
532 1088 629 1164 Milo,
648 1110 707 1150 non
719 1089 775 1150 hoc
787 1086 848 1168 jam
860 1087 935 1150 Clo·

249 1172 367 1231 dianum
385 1174 494 1230 crimen
514 1172 667 1244 timemus,
685 1169 831 1244 sedtum,
855 1165 933 1230 Cnei

249 1249 374 1333 Pompei
394 1249 453 1333 (te
471 1253 549 1312 enim
568 1249 628 1330 jam
642 1250 759 1332 appello
783 1251 819 1310 ei
837 1268 936 1324 voce,

251 1350 284 1392 ut
302 1353 351 1392 me
367 1332 466 1392 audire
480 1333 572 1412 possis
585 1329 600 1414 )
613 1349 674 1389 tuas
687 1376 696 1406 ,
709 1348 790 1403 tuas,
807 1333 936 1410 inquam,

249 1411 422 1495 suspiciones
446 1411 700 1493 perhorrescimus.
732 1408 762 1470 Si
788 1409 936 1470 Milonem

253 1495 361 1566 times,
381 1496 405 1553 si
431 1493 507 1552 bunc
531 1491 569 1553 de
591 1509 639 1552 tua
663 1493 723 1568 vita
749 1490 859 1552 nefarie
887 1506 936 1550 aut

251 1594 327 1633 nunc
345 1576 490 1654 cogitare,
507 1588 556 1630 aut
571 1574 705 1633 molitum
718 1570 873 1652 aliquando
885 1571 937 1631 ali·

251 1653 321 1734 quid
339 1669 443 1733 putas,
464 1653 487 1709 si
501 1649 588 1708 ltaliae
603 1651 747 1722 deleslus,
759 1667 791 1709 ut
804 1650 937 1710 nonnulli

251 1733 462 1814 conquisitores
481 1731 521 1788 tui
543 1728 690 1801 dictitant,
713 1731 735 1787 si
752 1729 814 1787 haec
834 1751 939 1805 arma,

251 1815 274 1874 si
285 1811 459 1893 Capitolinae
475 1809 631 1882 cohortes,
650 1813 673 1869 si
691 1810 839 1882 excubiae,
857 1813 880 1870 si
894 1814 939 1872 vi·

251 1895 344 1972 gilla,
360 1893 384 1948 si
400 1889 510 1950 delesla
526 1888 681 1966 juventus,
694 1910 758 1970 quae
773 1908 855 1951 tuum
869 1912 937 1951 cor·

250 1991 305 2051 pus
324 1969 501 2048 domumque
522 1966 666 2043 custodit,
692 1986 793 2029 contra
815 1971 938 2032 Milonis

250 2053 393 2128 impetum
414 2067 522 2107 armata
541 2047 602 2123 est,
620 2067 706 2132 atque
729 2050 777 2109 illa
795 2054 893 2111 omnia
907 2053 937 2112 in

250 2131 327 2190 hunc
340 2150 428 2188 unum
442 2127 584 2203 instituta,
599 2148 717 2211 parata,
736 2134 846 2191 intenta
859 2131 936 2193 sunt:

249 2230 356 2290 magna
380 2208 488 2270 ianioc
514 2211 591 2271 certe
617 2213 681 2284 vis,
706 2211 937 2273 &incredibilis

250 2293 382 2360 animus,
412 2290 444 2349 &
466 2311 526 2350 non
549 2293 631 2350 unius
655 2294 709 2351 viri
732 2294 828 2364 vires,
848 2312 937 2374 atque

252 2391 325 2452 opes
342 2369 523 2444 indicantur,
541 2372 695 2452 siquidem
710 2374 738 2431 in
754 2373 828 2433 hunc
845 2396 936 2434 unum

253 2453 287 2511 &
317 2448 558 2531 praestantissimus
583 2453 640 2513 dux
663 2452 793 2528 electus,
820 2455 936 2516 &tota

251 2531 411 2611 respublica
431 2549 539 2591 armata
557 2531 608 2594 est.

293 2612 342 2672 68.
363 2611 422 2673 Sed
440 2615 502 2694 quis
518 2633 578 2673 non
597 2613 750 2694 intelligit,
767 2632 871 2673 omnes
883 2612 935 2672 ribi

252 2691 416 2768 reipublicae
442 2709 538 2774 partes
563 2714 651 2773 aegras
674 2695 705 2752 δι
726 2693 877 2763 labantes,
904 2708 937 2751 ut

253 2787 302 2830 eas
319 2769 371 2829 his*
379 2778 463 2835 amris
478 2773 589 2834 sanares
606 2772 639 2835 δι
657 2771 863 2848 confirmares,
878 2770 934 2834 elle

148 3032 270 3141 Α

132 3094 144 3139 C

268 3142 282 3157 i.
