2125 3784
1017 404 1178 481 5¹2
1373 379 1972 449 ORATIONU

1017 496 1268 563 vissimis
1295 492 1497 556 vestris
1535 471 1788 556 decretis
1820 493 1981 555 abset

1101 576 1169 637 In
1215 574 1441 656 judiciis
1533 593 1705 635 nanta
1753 576 1845 635 vis
1900 573 1981 636 ess

1020 677 1198 740 quum
1238 653 1322 716 est
1358 653 1495 715 abso
1520 656 1755 715 utuszzi
1780 671 1882 716 aut
1917 656 1981 716 ill

1021 754 1121 798 aut
1166 735 1265 796 illa
1301 735 1587 797 absolutio
1616 736 1981 797 nominanda

1103 815 1206 877 Te
1232 833 1430 878 tamen
1450 861 1470 890 ‚
1510 815 1596 897 Q.
1630 814 1831 889 Muci,
1871 834 1981 877 tau

1025 898 1264 979 publica
1300 895 1621 958 existimare
1639 942 1663 970 ,
1694 895 1981 969 molestel

1027 994 1202 1038 terno
1232 977 1326 1037 die
1350 998 1445 1038 me
1487 976 1604 1038 effe
1636 978 1875 1059 dignum
1900 1000 1977 1038 co

1029 1059 1158 1119 bas.
1203 1057 1416 1138 Quid?
1462 1058 1715 1153 populus
1749 1057 1981 1118 Roman

1031 1138 1285 1220 ligenter
1327 1137 1429 1198 scit
1465 1140 1575 1198 sibi
1612 1136 1960 1199 constituere

1037 1218 1214 1299 quem
1250 1235 1314 1277 tu
1350 1218 1494 1278 tibi?
1530 1221 1627 1300 qui
1649 1264 1670 1292 ‚
1704 1238 1881 1300 quum
1904 1234 1968 1280 te

1035 1298 1204 1358 lenus
1245 1317 1513 1381 argueret
1544 1345 1563 1372 ‚
1602 1319 1699 1360 me
1741 1299 1981 1381 pot‘issin

1034 1398 1167 1438 rum
1219 1397 1445 1439 tuarum
1548 1397 1815 1441 atronum
1868 1377 1981 1440 ess'e

1038 1458 1206 1537 eujus
1240 1476 1302 1519 tu
1340 1462 1499 1522 consi
1523 1463 1643 1521 ium
1667 1462 1728 1519 in
1769 1476 1867 1520 tua
1887 1477 1981 1520 tur

1040 1539 1306 1623 delegisti
1352 1586 1372 1615 ‚
1433 1542 1585 1601 hunc
1638 1538 1981 1603 honestissin

1041 1621 1413 1683 defensorem
1472 1621 1723 1704 populus
1771 1620 1981 1682 Roman

1039 1718 1105 1762 te
1130 1747 1148 1774 ‚
1184 1703 1491 1783 repudiare
1525 1701 1759 1785 potest?
1795 1701 1925 1762 Nisi
1956 1703 1981 1771 f

1040 1796 1203 1843 turus
1237 1802 1337 1857 es,
1378 1802 1494 1864 quo
1539 1800 1812 1864 tempore
1843 1788 1884 1842 a'
1911 1782 1981 1844 L.

1043 1862 1269 1922 delatus
1302 1867 1375 1923 sis
1396 1908 1415 1936 ,
1454 1882 1514 1924 te
1549 1883 1624 1923 eo
1655 1881 1927 1946 tempore
1955 1866 1981 1933 i

1046 1956 1177 2004 tum
1217 1945 1407 2004 auxilii
1439 1942 1553 2007 esse
1583 1942 1809 2006 vidisse.
1881 1956 1888 1965 “

1126 2023 1416 2104 Populum
1458 2027 1648 2097 verb,
1692 2024 1981 2104 quum-itii

1087 2103 1185 2163 ulo
1214 2104 1430 2163 collum
1463 2101 1637 2167 secuit
1667 2104 1920 2166 hominis
1954 2128 1981 2164 r.

1037 2123 1209 2253 Eitis,
1246 2184 1446 2265 quanti
1482 2182 1739 2260 faceret,
1778 2184 1981 2248 ostend

1050 2276 1061 2284 ‘
1126 2261 1236 2324 Me
1257 2309 1274 2337 ‚
1318 2265 1432 2346 qu&
1455 2266 1708 2329 amenti&
1737 2265 1981 2326 indufiu:

1038 2357 1332 2407 temneret
1351 2391 1369 2418 ‚
1411 2344 1756 2409 constituere
1775 2368 1893 2407 non
1917 2370 1981 2428 pt

1039 2444 1212 2505 aequo
1252 2428 1447 2485 animo
1490 2427 1732 2486 laturum
1770 2424 1981 2508 putitvi·

1038 2503 1485 2571 familiarissimo
1521 2528 1643 2574 non
1680 2507 1905 2567 viderat
1944 2554 1965 2582 ‚

1035 2598 1169 2646 rum
1233 2586 1473 2672 quidem
1533 2585 1766 2669 injurias
1825 2589 1981 2652 medi

1036 2665 1239 2728 ferre?
1332 2678 1336 2683 '
1439 2665 1444 2671 ’
1494 2692 1498 2699 ·
1716 2730 1723 2736 ,
1915 2678 1920 2683 ’

1058 2751 1070 2772 ‘
1120 2745 1291 2808 Alter
1326 2758 1548 2826 pecore
1572 2753 1735 2812 omni
1769 2749 1981 2813 vendin

1034 2827 1225 2907 prope
1245 2825 1482 2887 addictis
1504 2875 1523 2903 ‚
1547 2832 1805 2913 pastores
1838 2834 1981 2892 retin

1038 2908 1156 2976 ait,
1200 2905 1257 2966 se
1288 2948 1307 2976 ‚
1349 2926 1531 2983 quum
1580 2914 1769 2988 velit,
1809 2913 1981 2974 subiti

1039 2982 1257 3046 bellum
1292 2986 1701 3055 excitaturum.

968 3178 1370 3418 2‘52
