2125 3784
193 398 273 479 510
350 372 716 445 omrlotsvm

191 516 252 567 an,
268 513 329 554 non
344 491 440 552 dicam
456 486 489 549 P.
501 486 642 568 Sulpicii,
657 509 721 555 non
737 486 772 549 L.
786 485 876 549 Satur·

193 575 273 646 nini,
293 593 354 633 non
376 569 414 632 C.
428 569 574 642 Gracchi,
594 590 657 628 non
676 567 809 635 Tiberii:
827 589 876 630 ne·

193 656 304 748 minem
325 673 416 734 quem
440 650 482 713 isti
502 648 669 746 seditiosum
695 649 876 723 existimant,

192 734 374 888 &1⁰33ssst
390 729 875 894 sstszzzzimt...⁰²t‘z

193 894 264 976 quid
281 894 350 955 mihi
364 893 483 956 tandem
498 889 702 973 responsurum
715 893 841 975 putatis?

122 1083 125 1088 -
191 1114 194 1119 ,
240 1045 330 1107 Post·
351 1063 411 1107 xx.
432 1044 535 1107 Vm.
557 1064 579 1107 Α
600 1061 836 1121 nucinum.

236 1191 341 1290 Quid?
355 1193 512 1258 avunculus
529 1208 613 1266 tuus,
631 1192 805 1259 clarissimus
816 1194 875 1264 vit,
906 1250 908 1254 .

196 1273 353 1337 clarissimo
368 1292 470 1354 patre,
487 1294 565 1346 avo,
580 1270 761 1352 majoribus,
776 1273 876 1346 credo,

195 1355 331 1428 silentio,
351 1352 469 1418 favente
491 1353 663 1428 nobilitate,
686 1353 770 1415 nullo
791 1356 875 1415 inter·

165 1510 168 1519 .
195 1432 304 1499 ceffore
326 1452 496 1516 comparato
508 1479 518 1508 ‚
530 1433 643 1516 populo
663 1433 804 1496 Romano
826 1431 875 1494 de-

195 1514 256 1589 dit,
267 1515 308 1576 &
328 1517 598 1597 potentissimorum
616 1514 774 1580 hominum
790 1515 877 1577 colle·

195 1598 249 1677 giis
268 1597 409 1738 ἇτὶρυίτ,
438 1596 675 1684 cooptandotum
700 1594 877 1662 sacerdotum

194 1694 267 1760 pote
293 1694 382 1740 atem.

368 1805 669 1900 >Moturum.

230 1969 346 2050 Quid?
372 1971 451 2032 idem
476 1970 627 2031 Domitius
651 1968 699 2032 M.
727 1969 878 2046 Silanum,

194 2050 371 2110 consularem
382 2052 553 2125 hominem,
566 2050 817 2134 quemadmodum
828 2053 876 2112 tri·

193 2131 286 2192 bunus
304 2130 398 2211 plebis
416 2133 545 2193 vexavit.

233 2209 304 2269 Haec
327 2209 368 2271 est
382 2214 581 2274 controversia
600 2209 764 2289 ejusmodi.
776 2232 808 2274 ut
821 2216 875 2275 mi·

111 2363 113 2367 Ι
191 2291 222 2350 hi
242 2292 370 2351 m'bunus
389 2293 482 2374 plebis
501 2292 559 2354 Cn.
578 2291 755 2370 Domitius,
773 2293 875 2356 Catulo

192 2373 238 2437 Μ.
270 2373 428 2454 Terpolius
455 2375 741 2454 contemptissimum
771 2395 876 2437 nomen

189 2451 318 2535 ojetium
338 2475 374 2517 ex
393 2457 445 2530 iis,
458 2456 507 2539 qui
520 2455 626 2517 tribuni
639 2455 742 2543 plebis
755 2455 876 2523 suerum.
