2125 3784
251 398 330 476 442
367 370 424 451 ¹Iir
449 370 500 451 M.
523 382 824 453 Auronrunr

252 500 351 580 peio‚
374 498 424 577 qui
446 493 558 575 majora
580 497 657 557 bella
678 495 848 579 gesserunt:
870 495 945 574 sed,

252 577 333 660 quod
355 577 469 636 silentio
496 578 583 638 civile
609 578 718 637 bellum
747 577 918 639 confecerat
932 602 946 655 ,·

251 679 339 740 quum
360 660 486 738 primum
501 658 599 733 licuit,
615 659 742 721 honores
758 660 869 720 ineam
880 680 944 720 tna·

250 741 346 799 ximus
364 735 531 798 contulistis.

289 819 333 879 V.
355 817 538 879 Existimasne
552 820 654 959 ipitur,
669 819 716 881 Μ.
729 819 861 903 Lepide,
876 841 943 903 qua·

249 900 311 961 lem
332 899 507 980 Pompeium
522 899 679 980 republica
699 902 832 962 habitura
852 905 889 965 sit
903 904 944 962 εἰσ·

249 1000 348 1054 vem,
376 983 449 1040 tales
471 980 584 1042 futuros
610 983 640 1041 in
661 982 812 1064 republica
838 983 944 1043 Anto*

250 1062 338 1123 nios?
353 1063 382 1120 in
395 1062 486 1122 altero
505 1062 625 1142 pudor,
663 1065 768 1125 raviras
780 1109 790 1137 ‚
800 1063 942 1124 modera-

249 1146 314 1215 tio,
331 1145 494 1224 integrita53
508 1143 539 1202 in
552 1143 606 1202 illis
617 1140 631 1224 (
642 1083 775 1226 diquurn
789 1143 845 1204 hos
859 1163 941 1204 cotn-

249 1224 353 1305 pello,
370 1240 513 1304 praetereo
534 1225 632 1285 animo
652 1243 689 1284 ex
709 1244 800 1306 grege
819 1224 941 1285 latroci-

247 1307 288 1364 nii
309 1308 482 1386 neminem)
503 1303 657 1378 libidines,
679 1302 786 1365 scelera
797 1349 808 1376 ,
821 1305 861 1365 ad
877 1326 940 1367 om·

248 1405 287 1446 ne
306 1384 417 1445 facinus
436 1388 569 1445 immanis
587 1385 713 1447 audacia.
742 1383 867 1447 Deinde
885 1387 940 1447 ob·

248 1465 330 1527 secto
357 1486 434 1539 vos,
457 1466 557 1526 Patres
580 1465 766 1546 conscripti,
794 1467 859 1548 quis
882 1467 939 1528 hoc

245 1546 375 1610 restnim
396 1567 456 1607 non
476 1547 580 1620 videt,
600 1547 680 1626 quod
698 1546 829 1608 Fortuna
849 1545 936 1629 ipsa,

270 1649 313 1689 uae
333 1628 434 1688 dicitur
452 1648 546 1701 caeca,
565 1626 658 1688 vidit?
678 1625 760 1688 salvis
774 1628 855 1688 enim
873 1627 937 1690 attis

302 1709 389 1782 saris,
409 1729 473 1790 quae
500 1707 665 1769 concordia
688 1708 772 1768 causi
802 1708 937 1770 defendi-

249 1807 335 1861 mus,
354 1787 499 1868 Pompeio
521 1787 569 1849 sua
586 1788 690 1849 domus
706 1789 841 1870 patebit3
857 1809 937 1852 eam-

156 1865 168 1885 ‘
249 1890 308 1952 que
325 1891 386 1930 non
407 1871 552 1942 minoris,
570 1868 658 1950 qudam
676 1871 748 1930 emit
769 1869 918 1931 Antonius
926 1882 938 1943 ‚¹

246 1951 395 2011 redimet:
416 1949 558 2022 redimet,
575 1951 710 2030 inquam,
729 1947 790 2009 Cn.
804 1948 934 2092 Pompeii

249 2030 371 2092 domum
389 2029 471 2089 filius.
497 2028 529 2088 0
545 2047 607 2089 rem
623 2029 779 2090 acerbam!
797 2029 860 2092 Sed
899 2052 934 2093 aec

246 2109 309 2171 satis
331 2110 379 2168 diu
397 2108 579 2189 mulnimque
598 2108 706 2169 defleta
720 2109 794 2171 sunt.
815 2110 934 2174 Decre-

247 2188 324 2250 ristis
335 2206 446 2249 tantam
457 2192 610 2270 pecuniam
622 2188 768 2271 Pompeio
779 2237 789 2265 ,
800 2212 934 2273 quantam

247 2287 284 2331 ex
299 2271 385 2330 bonis
400 2272 497 2349 patriis
515 2273 545 2330 in
560 2271 665 2351 praedae
681 2272 873 2353 dissipatione
885 2275 934 2334 ini·

247 2354 339 2412 micus
356 2351 448 2412 vietor
466 2350 628 2434 redegisset.

291 2453 336 2494 11.
360 2431 420 2492 Sed
439 2432 512 2495 hanc
531 2432 601 2492 mihi
620 2429 862 2512 dispensationem
879 2455 932 2517 pro

244 2530 365 2596 paterna
382 2513 594 2574 necessitudine
614 2514 647 2573 &
665 2509 933 2590 conjundiionede·

244 2594 345 2679 posco.
373 2593 510 2655 Redimet
537 2594 666 2668 hortos,
693 2593 799 2669 aedes,
824 2597 932 2657 urbana

245 2676 408 2758 quaedam,
429 2695 492 2756 quae
515 2675 647 2756 possidet
670 2673 841 2735 Antonius:
865 2697 931 2736 nam

244 2774 419 2838 argentum,
437 2753 570 2831 vestem,
587 2753 814 2838 supelleiiilem‚
831 2759 931 2818 vinum

242 2841 358 2899 amittet
375 2860 399 2896 ae
420 2858 459 2898 uo
474 2840 592 2910 animo,
612 2857 675 2917 quae
688 2836 736 2897 ille
754 2835 855 2899 helluo
873 2838 930 2897 dis-

243 2918 358 2995 sipavit.
439 2938 526 2981 anum
537 2929 549 2996 ,'
562 2918 729 2982 firmanum
746 2927 768 2979 a'
780 2915 929 2982 Dolabel·
