2125 3784
288 377 606 448 Paratouron
646 378 762 452 XIV.
798 396 877 475 475

185 491 284 575 pluit?
304 511 390 572 quam
404 488 465 570 jam
484 495 593 594 peritus
609 508 734 555 metator
751 494 784 555 dt
798 495 878 555 calli·

187 573 242 637 dus
256 573 440 653 decempedi
452 573 500 632 sua
510 572 585 633 Saxa
595 573 747 634 diviserat?
764 574 878 636 Recor-

184 653 385 734 tlamini,·per
400 653 472 713 deos
488 653 685 714 immortales!
697 653 794 716 Patres
805 678 878 716 con-

180 733 304 814 scripti,
321 734 392 814 quid
409 735 467 795 hoc
485 734 576 800 biduo
592 735 771 795 timuerimus
787 758 803 796 a
821 738 879 797 do-

180 813 313 878 mesticis
323 813 470 889 hostibus,
484 815 648 876 rumoribus
658 815 880 897 improbissimis

180 895 345 978 dissipatis.
375 895 452 976 Quis
476 897 605 970 liberos,
629 898 693 977 quis
720 894 879 979 conjugem
949 953 951 959 s

183 975 338 1058 adspicere
350 992 466 1100 poterat
476 980 538 1038 sine
548 976 641 1039 lietu?
659 978 721 1058 quis
732 977 853 1039 domum
865 972 892 1038 2*

192 1060 195 1067 '
226 1059 249 1118 is
273 1055 365 1118 rebla.
397 1059 460 1139 quis
483 1059 574 1119 larem
595 1057 788 1120 familiarem?
814 1058 878 1120 Aut

197 1137 376 1199 oedissimam
396 1155 524 1199 mortem
542 1159 666 1211 omnes,
684 1155 734 1198 aut
757 1138 878 1200 misera·

183 1217 277 1279 bilem
291 1217 390 1300 fugam
402 1219 579 1301 cogitabant.
602 1218 674 1278 Haec
689 1240 706 1279 a
722 1219 824 1298 quibus
835 1223 877 1279 ti·

185 1301 359 1370 urebantur,
369 1318 421 1359 eos
432 1298 527 1359 holles
536 1298 682 1378 appellare
692 1298 875 1359 dubitamus?

183 1377 315 1443 Gravius
330 1380 353 1438 si
370 1382 431 1460 quis
448 1380 582 1440 attulerit
594 1398 728 1452 nomen,
751 1377 876 1439 libenter

185 1458 338 1523 allentiar:
351 1459 408 1520 hoc
427 1461 539 1542 vulgari
559 1476 714 1521 contentus
731 1460 781 1519 vix
796 1457 877 1535 sum,

185 1540 300 1605 leviore
318 1561 379 1601 non
399 1556 472 1601 utar.

218 1620 395 1702 .11·.ltaque
415 1643 504 1702 quum
519 1619 741 1701 supplicationes
754 1615 875 1698 justissi-

185 1722 248 1764 mas
266 1722 303 1762 ex
320 1702 353 1760 iis
369 1702 490 1774 litteris,
506 1722 569 1782 quae
583 1703 708 1760 recitarae
724 1699 805 1773 sunt,
821 1700 876 1760 de·

185 1802 306 1844 cernere
324 1781 502 1851 debeamus,
525 1780 716 1862 Serviliusque
732 1781 876 1842 decreve-

184 1865 249 1936 rit3
269 1864 382 1944 augebo
410 1865 531 1922 omnino
559 1881 712 1921 numerum
739 1862 850 1923 dierum
862 1879 877 1938 ‚'

185 1941 341 2027 praesertim
352 1964 461 2024 ,quum
473 1964 534 2002 non
544 1945 609 2015 uni,
620 1942 670 2003 sed
681 1944 879 2004 communiter

184 2024 276 2086 tribus
295 2024 415 2084 ducibus
434 2025 489 2083 sint
509 2022 712 2084 decernenda.
739 2022 798 2084 Sed
817 2023 875 2085 hoc

185 2107 313 2190 primurn
331 2104 454 2173 faciam,
470 2105 706 2185 utimperatores
726 2105 874 2186 appellem

183 2207 262 2259 eos,
279 2208 401 2266 quorum
423 2187 551 2253 virture,
568 2187 711 2259 consilio,
725 2185 875 2261 felicitate,

185 2270 318 2330 maximis
353 2269 463 2329 ericulis
481 2266 622 2326 servitutis
636 2284 722 2345 atque
742 2266 875 2326 interitds

184 2348 300 2410 liberati
331 2370 424 2408 umus.
448 2346 562 2406 Etenim
582 2348 628 2405 cui
644 2345 803 2427 viginti-his
821 2366 873 2403 an·

185 2431 230 2491 nis
244 2427 411 2510 supplicatio
432 2428 550 2488 decreta
569 2425 630 2500 est,
649 2445 680 2487 ut
697 2446 757 2485 non
774 2427 873 2505 impe·

185 2527 266 2571 rator
282 2509 495 2591 appellaretur,
511 2525 560 2568 aut
574 2509 698 2568 minimis
712 2506 796 2565 rebus
806 2525 874 2587 gesr-

185 2591 244 2664 tis,
264 2607 312 2653 aut
336 2590 506 2672 plerumque
531 2588 639 2648 nullis?
665 2584 874 2665 Quamobrem

184 2689 236 2733 aut
253 2669 302 2752 sup
327 2671 422 2732 licatio
434 2670 470 2730 ab
489 2691 526 2731 eo
537 2671 614 2750 ,qui
630 2668 697 2727 ante
710 2666 797 2737 dixit,
818 2664 872 2724 de·

184 2695 333 2814 comenda
345 2775 405 2813 non
419 2751 491 2823 fuit;
508 2767 557 2809 aut
571 2750 689 2808 usitatus
699 2747 794 2805 honos
804 2763 873 2824 per·

185 2832 374 2916 vulgatusque
398 2830 566 2893 tribuendus
585 2829 638 2900 iis,
657 2827 760 2911 quibus
782 2827 872 2888 etiam

185 2916 260 2981 novi
277 2915 310 2979 δι
328 2913 485 2996 singulares
503 2911 658 2974 debentur.
