2125 3784
287 339 606 417 Pnrttnnm
635 297 767 417 Xrtr.
795 347 873 439 465

181 456 289 535 liberi,
309 460 381 523 servi
392 464 534 524 oderunt:
553 461 689 522 sensimus
709 462 766 522 hoc
783 481 875 541 nuper

184 541 262 602 falso
281 547 405 616 nuntio;
424 562 498 602 vero
512 544 683 622 propediem
700 544 873 603 sentiemust

185 643 253 705 quae
273 627 295 683 si
309 641 407 685 tecum
425 621 483 704 ipse
508 624 637 694 recolis,
661 627 786 703 aequiore
808 626 875 684 ani·

186 722 263 776 mu,
286 704 319 764 ὃ(
337 702 448 782 majore
468 701 667 762 consolatione
684 707 818 765 moriere.

230 783 280 859 46.
309 787 435 864 Denique
450 781 559 862 stamma
580 781 682 860 judicii
703 787 754 844 mei
769 786 875 864 [passu

188 865 242 924 huc
258 908 269 937 ‚
288 884 318 924 ut
337 886 451 924 meorum
475 861 595 943 injurias
610 861 683 944 ferre
699 867 826 947 possim,
847 867 875 927 si

189 964 239 1006 aut
257 944 382 1025 oblivisci
400 947 486 1006 velint
502 946 559 1019 ipsi
567 943 663 1024 fectffe
681 992 690 1018 ,
708 966 758 1007 aut
777 940 873 1026 ulcisci

209 1028 283 1085 arati
299 1027 356 1086 sint
375 1028 430 1086 und
455 1025 592 1105 nobiscum
617 1027 731 1105 Caesaris
753 1046 875 1090 mortem·

223 1127 256 1166 ac
281 1105 402 1166 Antonii
419 1105 560 1166 sententia
574 1109 711 1188 cognita,
726 1108 877 1168 dubitatu-

189 1185 275 1249 rosne
294 1186 334 1248 A.
351 1188 498 1261 Hirtium,
513 1183 552 1246 C.
569 1182 709 1260 Pansam,
726 1187 875 1264 consules,

206 1269 327 1343 utatis,
352 1269 421 1349 quin
444 1266 482 1324 ad
507 1265 672 1326 Antonium
697 1268 874 1330 transeant?

188 1288 312 1411 §rutum
333 1345 517 1408 obsideant?
542 1345 688 1406 Mutinam
710 1368 877 1429 expugnare

189 1428 328 1511 cupiant}
347 1429 429 1508 Quid
446 1427 484 1488 de
498 1425 585 1494 Pansa
599 1428 629 1487 &
641 1427 737 1488 Hirtio
754 1429 877 1510 loquar?

189 1507 310 1589 Caesar,
330 1509 465 1591 singulari
485 1510 594 1588 pietate
614 1507 802 1581 adolescens,
822 1530 879 1589 po·

187 1593 263 1652 terit·
285 1589 313 1652 se
335 1607 457 1662 tenere,
482 1590 550 1668 quin
570 1585 617 1648 Ι).4
641 1588 721 1649 Bruti
741 1589 877 1672 sanguine

190 1690 295 1756 poenas
317 1672 421 1750 patrias
443 1668 651 1750 persequatur?
673 1668 772 1750 ltaque
794 1671 878 1731 fece·¹

191 1770 259 1814 runt
277 1797 285 1824 ,
306 1753 346 1810 uti
361 1752 403 1810 his
425 1750 526 1810 litteris
545 1749 624 1809 ledis
642 1749 678 1810 ad
703 1754 878 1813 munitiones

191 1834 312 1916 propius
336 1831 519 1892 accederent.
546 1831 619 1910 Qub
643 1828 735 1909 major
758 1833 878 1911 adoles·

187 1933 262 1974 cens
281 1908 376 1973 Caesar
394 1956 404 1985 ,
423 1909 594 1993 maioreque
613 1912 736 1972 deorum
755 1917 880 1974 immora-

191 1996 294 2056 talium
308 1992 453 2055 beneficio
472 1994 635 2075 reipublicae
650 2013 734 2052 natus
748 1992 789 2054 est
800 2040 813 2067 ,
829 1995 880 2076 qui
906 2022 909 2032 ⁴

191 2073 272 2138 nulld
287 2072 381 2156 specie
402 2076 515 2156 paterni
535 2077 688 2147 nominis,
708 2095 763 2136 nec
784 2079 880 2158 pieta,-

188 2155 554 2239 1ιιι,εὼάιιέῑυειιιηφηττι
571 2153 622 2214 est.
643 2155 798 2240 intelligit,
817 2179 880 2220 ma·

192 2240 303 2300 xlmam
314 2240 454 2319 pietatem
468 2234 689 2298 conservatione
699 2240 798 2318 patriae
810 2260 881 2308 com

193 2320 293 2381 tinen.

236 2419 287 2476 47.
312 2397 404 2480 Qubd
427 2399 450 2459 si
469 2398 593 2480 partium
615 2415 762 2461 certamen
788 2398 880 2477 esset,

216 2501 316 2542 uarum
342 2484 463 2541 omnino
490 2501 600 2540 nomen
623 2479 789 2541 exstinsium
813 2480 882 2557 est,

192 2501 379 2623 {utoniusne
411 2563 507 2641 potilrs
537 2562 569 2620 ἃ
594 2560 749 2621 Ventidius
783 2581 880 2642 partes

196 2640 317 2705 Caesaris
334 2640 548 2713 defenderent,
564 2639 651 2720 quim
672 2645 796 2722 primitur
809 2641 881 2702 Cae-

195 2721 262 2799 sar,
278 2722 444 2783 adolescens
464 2719 573 2779 summa
591 2723 699 2802 pietate
719 2725 751 2781 δι
770 2742 885 2783 memo·

196 2805 240 2870 rit
259 2807 389 2891 patentis
404 2800 468 2868 suie-
480 2800 588 2864 deinde
604 2799 740 2948 Parsa&
756 2802 885 2883 Hirtius,

693 2942 700 2954 .
721 2904 767 2957 ,ἶ
