2125 3784
250 414 331 511 4'64
368 414 429 485 lu
446 412 500 484 Μ.
519 405 817 485 Autoutuut

250 553 358 614 quam,
381 531 459 592 bene
478 527 624 610 sperabo,
648 527 717 588 dum
737 527 849 590 licebit.
872 523 933 591 Re:

250 632 359 674 vocare
382 630 414 671 te
433 634 451 670 a
468 609 566 669 furore
590 608 718 689 Lepidus
736 610 854 684 voluit,
874 626 932 670 non

249 691 367 770 adjutor
380 690 439 753 elle
457 690 621 751 dementiae.
644 688 693 749 Tu
710 690 802 771 porri>
818 709 858 750 ne
871 691 933 770 pios

249 773 393 854 quidem,
413 771 464 832 sed
483 772 625 850 piissimos
643 772 764 851 quaeris:
786 771 838 846 &‚
858 769 934 852 quod

249 854 377 914 verbum
396 854 517 912 omnino
539 851 649 909 nullum
670 852 700 909 in
720 851 819 933 lingua
838 851 936 912 Latina

252 931 320 1004 est,
339 934 391 1006 id,
409 951 528 1012 propter
546 947 625 991 tuam
639 930 768 1006 divinam
781 934 935 1013 pietatem,

250 1035 367 1077 novum
380 1015 502 1073 inducis.

296 1116 347 1168 44.
373 1097 436 1154 Nec
455 1094 593 1153 Plancum
608 1095 723 1172 prodere
743 1137 756 1164 ,
776 1095 937 1174 participem

251 1176 440 1235 eonsilium.
468 1171 607 1233 Plancum
632 1173 837 1254 participem?
860 1171 938 1233 cu'us

256 1255 453 1317 memorabilis
472 1276 506 1313 ac
519 1253 617 1311 divina
635 1257 725 1315 virtus
741 1254 841 1314 lucem
859 1196 938 1314 allert

255 1337 450 1416 reipublicae:
477 1336 530 1393 nisi
551 1332 628 1394 forti
650 1355 717 1395 eum
739 1333 865 1395 subsidio
887 1334 939 1394 tibi

256 1419 359 1476 venire
379 1417 521 1476 arbitraris
544 1435 609 1473 cum
630 1412 791 1476 fortissimis
815 1417 940 1497 legioni·

254 1496 332 1569 ltus,
347 1499 475 1557 maximo
493 1497 622 1576 equitatu
634 1538 643 1568 ‚
655 1494 846 1576 peditatuque
864 1494 940 1556 Gal·

256 1575 378 1648 iorum3
396 1580 526 1658 quique,
547 1577 600 1634 nisi
617 1595 684 1634 ante
700 1573 762 1653 ejus
780 1575 940 1637 adventum

255 1659 301 1718 rei
324 1658 424 1716 ubl³cae
442 1677 542 1736 poenas
562 1655 694 1728 dederis,
712 1656 761 1716 ille
776 1655 863 1732 hujus
879 1656 942 1718 bel·

255 1736 279 1797 li
307 1756 368 1796 eret
383 1740 591 1817 principatum:
604 1757 777 1816 quamquam
793 1739 874 1796 enim
887 1738 943 1818 pti·

255 1836 308 1878 ma
325 1817 456 1897 praesidia
472 1818 586 1877 utiliora
606 1817 772 1897 reipublicae
787 1815 877 1893 sunt,
894 1835 941 1884 ta·⁴

255 1916 329 1958 men
345 1915 473 1956 extrema
488 1895 551 1956 sunt
564 1898 699 1978 gratiora.

300 1975 377 2036 XX.
403 1976 462 2036 Sed
476 1974 535 2054 jam
549 1977 578 2035 le
595 1977 726 2056 colligit,
743 1977 776 2036 &
793 1979 833 2039 ad
851 1991 942 2042 emes

254 2066 341 2119 'mum
372 2059 471 2135 incipit
501 2053 707 2135 philosophari.
740 2060 774 2117 Si
801 2083 845 2120 me
869 2062 941 2121 uitis

253 2137 380 2217 sensibus
402 2155 504 2195 cuntem
525 2137 566 2194 dii
588 2138 771 2211 immortales,
794 2160 826 2200 ut
841 2143 941 2223 spero,

256 2213 436 2295 atljuvcrin13
449 2220 541 2276 vivam
557 2218 687 2277 libenter:
702 2221 747 2278 sin
761 2240 852 2280 autem
866 2223 945 2282 aliud

259 2319 301 2356 ute
313 2295 404 2375 fatum
415 2317 524 2369 menen
535 2301 667 2379 precipio
674 2302 779 2382 gaudia
784 2301 942 2383 stipplicio·

257 2399 319 2438 rum
337 2381 487 2458 vestrorum.
512 2383 659 2457 Namque,
675 2386 701 2440 si
716 2385 778 2442 vieti
791 2383 943 2465 Pompeia-

258 2460 293 2518 ni
312 2477 366 2517 tam
382 2460 525 2534 infitlcutes
538 2460 631 2536 ficum·
650 2464 762 2520 viliores
780 2466 879 2541 quales
892 2463 943 2544 su·

259 2540 316 2598 tuti
329 2541 404 2608 sint,
421 2562 470 2597 vos
482 2543 576 2619 potitis
591 2543 773 2621 experiemini.
796 2542 942 2626 Praecipiat

258 2618 330 2677 licet
340 2620 460 2699 gaudia:
479 2642 539 2679 non
556 2623 631 2680 enim
643 2625 693 2682 tibi
709 2644 775 2682 cum
793 2623 943 2706 Pompeia·

261 2702 330 2770 nis,
353 2699 402 2759 sed
422 2721 489 2760 cum
513 2703 644 2762 universa
666 2704 813 2785 republica
835 2707 942 2767 bellum

260 2779 319 2838 est:
331 2801 433 2840 omnes
444 2801 474 2842 te
485 2783 536 2853 dii,
548 2784 698 2857 homines,
707 2785 807 2845 summi
818 2831 827 2857 ‚
837 2789 940 2859 medii,

260 2858 353 2920 infimi
362 2883 374 2936 5
396 2864 494 2940 cives,
510 2868 655 2948 peregrini
664 2889 676 2945 3
693 2870 767 2944 viri,
787 2869 940 2942 mulieres5
