2125 3784
235 400 314 453 nno
337 381 372 453 c.
392 384 579 452 Rnarnro
597 380 813 452 Porrurro.
839 404 865 475 9

183 493 292 578 judicio
317 514 468 569 tentatur,
485 494 573 576 quarn
596 516 672 567 vos,
697 493 870 573 senatores,'

184 598 310 661 quorum
322 582 414 660 agitur
428 575 502 635 sides
511 578 541 634 in
550 575 625 634 hunc
640 575 790 649 ordinem;
801 598 868 657 qua

185 658 304 737 quidem
323 679 413 738 quum
430 654 504 734 saepe
517 655 601 728 ante,
615 672 675 715 tum
689 657 718 715 in
733 656 787 716 hac
805 657 867 738 ipsa

182 737 268 797 causa
284 757 378 817 nuper
392 734 431 797 est
448 737 582 815 cognita:
599 755 668 795 nam
687 756 795 816 quum,
810 759 868 820 op-

184 820 261 877 timo
274 819 308 877 &
338 816 542 877 raeslantissimo
556 814 694 886 consule,
706 814 765 876 Cn.
776 816 868 878 Pom·

186 897 258 978 pelo
278 941 288 969 ,
308 839 345 957 cle
364 899 415 956 hac
436 895 495 976 ipsa
515 893 672 975 quaestione
693 895 868 975 referente,

186 975 356 1037 exsisterent
379 975 554 1048 nonnullae,
574 973 624 1035 sed
646 996 799 1055 perpaucae
820 996 871 1039 ta·

187 1076 257 1118 men
278 1057 386 1118 acerbae
398 1055 565 1126 sententiae,
606 1076 648 1114 uae
661 1056 869 1131 censerent‚ut

188 1137 313 1210 tribuni,
331 1141 362 1196 ut
379 1135 526 1218 praesesli,
543 1153 574 1193 ut
585 1077 709 1211 luiba,
723 1153 755 1195 ut
774 1141 879 1212 corni·⁸

187 1235 233 1276 tes
253 1237 355 1277 omnes
374 1215 609 1298 magistratuum,
625 1216 692 1296 lege
710 1217 764 1275 hac
783 1234 870 1278 tene-

189 1314 306 1369 rentur;
324 1318 399 1372 vos,
414 1317 492 1368 vos,
504 1298 638 1374 inquam,
651 1298 723 1376 ipsi,
735 1297 768 1356 ὃ(
787 1296 870 1360 senat·

189 1394 235 1436 tus
254 1375 386 1458 frequens
401 1375 519 1437 restitit:
535 1378 567 1434 &
577 1420 587 1448 ‚
598 1397 772 1457 quamquam
785 1396 869 1454 tum,

189 1474 311 1538 propter
325 1457 483 1517 multorum
499 1455 619 1526 delisla,
631 1458 720 1516 etiam
734 1457 772 1517 ad
786 1460 871 1520 inno·

183 1540 319 1601 ,centium
344 1537 506 1617 periculum
525 1532 650 1615 ternpus'
662 1536 734 1594 illud
757 1537 874 1599 exarse-

190 1636 235 1676 rat
248 1662 258 1690 ‚
272 1635 397 1689 tamen,
415 1637 506 1696 quum
522 1615 624 1673 odium
637 1634 699 1673 non
718 1614 801 1674 rellin
842 1638 875 1678 e·

193 1698 288 1770 retis,
313 1697 379 1755 huic
402 1695 497 1756 ordini
522 1696 620 1775 ignem
637 1714 750 1756 novum
774 1697 802 1755 su
823 1694 871 1778 jici

191 1797 253 1839 non
269 1774 381 1838 sivistis.

220 1850 282 1932 '14
309 1856 377 1916 Hoc
399 1857 497 1916 animo
516 1857 605 1936 igitur
621 1855 744 1916 senatus.
764 1858 870 1938 Quid?

191 1959 273 2009 vos,
291 1933 407 2018 Equites
420 1935 567 2008 Romani,
612 1936 660 1995 uid
674 1938 795 1997 tandem
809 1937 875 1999 estis

193 2016 311 2077 aeluri?
339 2016 462 2078 Glaucia
476 2014 587 2076 solebat
625 2037 696 2076 omo
714 2020 842 2098 impurus
861 2063 876 2094 ,

194 2097 246 2158 sed
262 2116 359 2157 tamen
377 2113 494 2170 acutus,
508 2096 649 2176 populum
665 2119 806 2173 monere,
821 2117 872 2176 ut,

217 2199 286 2237 uum
299 2177 346 2238 lex
361 2177 454 2258 aliqua
468 2179 653 2248 recitaretur,
666 2180 791 2258 primurn
805 2200 874 2240 ver-

194 2199 257 2319 sum
274 2257 447 2317 attenderet.
463 2255 493 2316 Si
510 2254 579 2317 esset
593 2259 741 2328 Dictator,
752 2259 876 2338 Consul,

196 2343 305 2401 Praeror
314 2383 324 2409 ,
347 2337 474 2476 Maqsser
490 2339 608 2416 equitum
617 2359 631 2408 ,·
646 2360 684 2398 ne
703 2339 847 2399 laboraret
862 2361 874 2414 3

195 2418 281 2480 sciret
305 2408 405 2476 nihile
443 2417 660 2497 sepertinere:
685 2420 845 2479 sinautem
865 2464 879 2493 ‚

199 2517 254 2572 Qu
263 2516 275 2557 1
283 2515 333 2558 cu
343 2517 369 2557 M
379 2516 430 2570 Qu
441 2516 458 2557 a
474 2498 612 2578 posthanc
623 2501 706 2580 legem
714 2519 728 2568 ;
744 2498 879 2572 videret,

200 2599 239 2639 ne
255 2578 311 2659 qui
328 2575 574 2659 noviqurestione
584 2578 631 2636 alli
652 2595 756 2637 aretur.

198 2702 201 2707 .
246 2675 291 2736 ις.
313 2657 399 2717 Nunc
413 2679 489 2730 vos,
506 2655 624 2736 Equites
632 2599 878 2726 llomani‚vide·

155 2774 163 2791 ι
197 2755 250 2799 te:
270 2735 345 2797 scitis
360 2758 407 2798 me
425 2756 521 2798 orrum
540 2755 558 2795 e
574 2735 879 2806 vobis301nniasem·

197 2839 253 2901 pet
275 2815 386 2878 sensisse
403 2839 458 2898 pro
480 2817 591 2876 vobis:
613 2815 680 2876 nihil
696 2815 798 2876 horum
819 2821 884 2878 sine

195 2916 415 2980 magnacum,
429 2898 463 2975 tr
477 2895 587 2971 suntme
601 2895 820 3037 caritateArellri
830 2918 890 2958 ur·

765 3000 785 3043 v
