2125 3784
982 373 1149 472 ‘396
1223 373 1340 443 ΙΝ
1385 371 1491 444 Μ.
1536 360 1960 443 'Am-om

984 508 1096 572 per
1143 487 1262 570 ipse
1313 490 1532 551 laetatus
1554 532 1573 562 ‚
1621 485 1783 570 quod
1822 506 1896 548 ea
1923 484 1981 547 fa

984 571 1095 631 sibi
1142 568 1321 649 objici
1353 592 1431 631 ne
1471 569 1544 629 ab
1577 569 1814 629 inimico
1849 568 1981 648 quid

983 652 1348 713 verecundo.
1398 650 1472 711 Et
1504 650 1637 722 hic,
1683 648 1762 708 dii
1799 649 1981 709 immo

981 732 1224 812 quando
1261 731 1367 792 fuit
1401 750 1599 793 meus:
1621 729 1853 790 occulta
1885 731 1981 790 eni

982 813 1067 871 tia
1108 833 1232 873 non
1277 812 1624 893 inquirenti:
1680 828 1874 890 neque
1927 830 1981 869 m

982 891 1207 953 alienus
1246 894 1319 952 ab
1354 912 1428 954 eo
1465 889 1640 953 ess'em
1661 934 1683 963 ‚
1728 892 1838 949 nisi
1869 888 1972 951 ille

972 974 1282 1047 ,moenibus
1323 974 1558 1055 patriae‚
1590 972 1696 1032 nisi
1732 970 1865 1031 huie
1905 972 1981 1031 uri

989 1055 1300 1139 penatibus
1323 1098 1342 1127 ‚
1373 1055 1480 1114 nisi
1517 1053 1630 1115 aris
1655 1051 1718 1113 &
1743 1049 1892 1113 focis
1924 1064 1981 1113 οι

986 1133 1144 1195 trum
1163 1179 1182 1210 ,
1221 1137 1327 1195 nisi
1363 1134 1614 1215 denique
1657 1146 1872 1193 nature
1921 1131 1981 1193 δι

982 1214 1260 1277 inventus
1297 1213 1436 1277 ess'et
1472 1215 1778 1275 inimicus:
1815 1233 1851 1273 a
1887 1230 1981 1293 qu«

986 1296 1317 1391 diligentius
1349 1297 1413 1357 ὃ(
1443 1294 1770 1379 vigilantius
1801 1312 1981 1357 cavea

978 1396 1166 1438 mum.

1071 1455 1154 1518 V.
1184 1454 1410 1517 Etenim
1433 1454 1750 1521 Dolabella
1775 1476 1898 1517 non
1923 1455 1981 1517 ir.

988 1558 1126 1599 eum
1163 1537 1360 1599 habuit
1393 1555 1569 1599 notos
1592 1555 1762 1618 atque
1796 1538 1981 1619 insign

988 1635 1051 1680 at
1091 1619 1299 1681 videtis
1321 1663 1341 1693 ,
1381 1639 1528 1700 quos
1570 1618 1635 1679 &
1673 1616 1848 1699 quim
1889 1639 1981 1679 mu

987 1700 1306 1762 Antonius.
1351 1698 1604 1761 Primum
1637 1697 1712 1761 L.
1743 1696 1981 1761 fratrem

986 1802 1162 1857 cem,
1203 1780 1280 1841 dii
1300 1779 1690 1841 immortales!
1799 1777 1881 1841 od
1911 1778 1981 1839 fas

983 1860 1204 1925 scelus?
1236 1882 1413 1943 quem
1433 1863 1718 1945 gurgitem
1779 1880 1981 1942 quam·

984 1945 1128 2026 quid
1169 1962 1304 2004 eum
1345 1964 1466 2005 non
1507 1940 1739 2003 sorbere
1772 1942 1970 2003 animo

983 2024 1214 2085 haurire
1251 2025 1646 2104 cogitatione,
1687 2019 1849 2101 cujus
1878 2020 1981 2096 san

982 2105 1191 2165 bibere
1228 2102 1512 2165 censetis?
1553 2105 1614 2163 in
1654 2100 1815 2181 cujus
1849 2099 1981 2182 poff

1029 2205 1102 2246 ue
1135 2184 1391 2246 fortunas
1430 2207 1552 2246 non
1589 2183 1981 2265 impudentissi

980 2206 1087 2349 sspe
1127 2267 1193 2327 δι
1232 2284 1434 2328 mente
1480 2262 1592 2326 defi
1637 2264 1785 2328 ere?

1076 2366 1168 2410 11.
1220 2347 1384 2427 Quid
1440 2344 1571 2409 Cen
1599 2344 1873 2407 orimum?
1923 2367 1981 2428 qt

965 2447 1294 2511 ,praetorem
1336 2426 1447 2489 esse
1489 2427 1772 2487 urbanum
1820 2446 1981 2508 cupe1

976 2529 1047 2584 ,re
1087 2511 1240 2572 certe
1269 2509 1488 2569 noluit:
1522 2508 1661 2589 quid
1682 2505 1976 2569 Bestiam?

978 2591 1163 2652 latum
1192 2591 1249 2650 in
1271 2589 1428 2651 Bruti
1453 2589 1658 2650 locum·
1684 2588 1742 2649 se
1779 2600 1981 2671 petere

978 2689 1157 2753 atque
1190 2672 1303 2731 hoc
1331 2670 1567 2753 quidem
1600 2667 1937 2733 detestabile
1974 2697 1981 2723 ι

975 2768 1063 2811 tat
1091 2753 1347 2833 Jupiter!
1388 2750 1590 2832 Quium
1623 2749 1933 2811 absurdum
1965 2771 1981 2808 a

973 2850 1189 2909 praetor
1209 2830 1331 2895 fieri
1351 2854 1470 2893 non
1497 2833 1789 2914 potuerit,
1819 2851 1981 2910 eum]

954 2908 1252 2997 sulatum?
1280 2917 1387 2977 nisi
1419 2913 1572 2977 forte
1603 2912 1981 3003 damtione

688 3218 1045 3410 ‘X
