2125 3784
182 375 263 457 470
301 352 360 421 tr
382 346 436 419 M.
459 345 773 416 Auroutuu

226 490 289 565 pta
309 461 401 562 effent
423 511 435 544 ,
462 463 598 530 liberato
618 485 634 528 .·
662 462 874 552 Antonium,

233 567 345 659 quique
368 557 436 629 unii
460 555 582 656 effent,
607 557 716 657 hostes
731 559 875 647 judican-

233 663 292 730 tos
311 686 324 728 .·
339 656 614 750 supplicationem
640 656 875 753 quinquaginta

233 759 355 828 dimum
381 752 588 823 communiter
616 753 729 822 tribur
759 755 877 822 drtcibu

237 853 458 925 decernendam
473 872 483 918 τ
508 850 626 916 milites
640 874 696 917 eos
711 901 725 935 ,
753 852 811 943 qui
824 875 876 942 pto

235 953 392 1042 republica
424 966 610 1041 pugnantes
650 946 841 1015 interientnt
865 994 875 1029 ,

239 1066 441 1117 monumento
454 1040 549 1136 quim
562 1045 775 1131 amplissimo
797 1044 876 1113 colto-

239 1143 433 1244 nestandos,
460 1164 587 1232 quaque
610 1139 657 1207 iis
673 1143 814 1230 prumia
827 1140 876 1232 se·¹

240 1262 338 1311 notus
357 1238 574 1332 promiserat,
598 1261 638 1304 ea
661 1240 875 1326 parentibus,

240 1339 365 1418 liberis,
384 1336 572 1431 conjugibus
584 1383 594 1415 ,
600 1333 769 1424 fratribus
782 1357 874 1406 eorum

235 1435 460 1528 perfirlvenda.
489 1432 776 1504 MANUTIUS.

193 1675 218 1738 1.
240 1606 331 1747 St,
348 1693 381 1736 ut
400 1694 436 1735 ex
451 1676 570 1747 litteris,
583 1694 650 1757 quae
662 1675 791 1737 recitata
800 1673 871 1748 suun·

194 1756 294 1819 Patres
313 1756 489 1837 conscripti,
504 1755 793 1818 sceleratissimorum
809 1756 872 1815 hos·

194 1839 267 1898 tium
287 1840 445 1900 exercitum
463 1836 565 1898 caesum
577 1881 587 1911 ,
600 1835 759 1920 fusumque
772 1857 871 1920 cogno·

194 1921 246 1991 νίς
265 1919 305 1978 sic
319 1919 370 1994 id,
389 1920 470 2002 quod
487 1920 520 1981 &
537 1938 642 1980 omnes
660 1919 784 1979 maxime
794 1934 869 1998 opta·

195 2020 280 2072 mus,
304 2000 337 2059 &
359 2020 395 2061 ex
413 2020 447 2061 ea
467 1999 587 2062 vicioria
603 2043 614 2071 ‚
632 2020 700 2082 quae
720 2017 798 2083 parta
816 1995 869 2069 est,

195 2079 382 2138 consecutum
393 2082 584 2153 arbitramur,
595 2077 640 2139 D.
655 2080 778 2142 Brutum
787 2098 872 2162 egres·

195 2157 255 2220 sum
279 2156 338 2237 jam
356 2158 473 2221 Mutina
498 2161 555 2223 esse
575 2161 779 2244 cognovissem
791 2183 799 2221 :
811 2181 873 2242 pro·

195 2258 261 2322 pter
285 2236 366 2318 cujus
392 2242 554 2379 periculum
582 2243 621 2302 ad
648 2242 674 2302 sa
742 2242 872 2311 issemus,

195 2339 316 2460 propter
342 2322 389 2400 eju
403 2320 471 2383 dem
492 2320 611 2384 salutem
635 2263 817 2386 regaredum
831 2320 873 2380 ad

194 2407 239 2484 pri
264 2405 343 2461 inum
367 2401 502 2481 vestitum
527 2406 589 2463 sine
613 2404 673 2464 ulla
702 2405 875 2465 dubitatione

195 2482 352 2543 censerem.
373 2482 452 2542 Ante
471 2485 571 2557 verb,
594 2484 683 2565 quim
702 2488 739 2547 sit
754 2506 786 2546 ea
806 2504 874 2555 res,

196 2584 282 2645 quam
300 2562 463 2625 avidissime
481 2566 581 2624 civitas
598 2564 762 2647 exspefihtt,
778 2565 873 2636 allata,

195 2645 297 2706 laetitiae
315 2644 381 2704 ustis
401 2644 468 2705 satis·
484 2642 526 2706 est
545 2647 679 2706 maximae
726 2647 873 2708 raeclarissi·

196 2746 308 2806 maeque
326 2747 443 2808 pugnae:
461 2727 585 2788 reditum
602 2726 640 2786 ad
655 2669 795 2788 vefiitum
812 2747 872 2787 con·

195 2804 278 2865 feuae
296 2807 423 2869 vitioriae
438 2807 602 2870 reservate:
617 2808 768 2874 confeffio
785 2825 874 2872 autem

196 2883 280 2967 hujus
296 2886 366 2949 belli
380 2887 420 2951 est
433 2887 476 2954 D.
494 2889 575 2955 Bruti
589 2887 676 2965 salua.
696 2958 698 2963 ,
