2125 3784
253 272 333 366 352
370 260 427 331 Iu
450 259 500 329 Μ.
525 257 827 329 Antoniou
846 248 856 313 ’-

260 397 362 450 ment3
384 399 400 437 a
439 398 478 435 uo
498 375 588 434 etiarn
604 373 754 433 mandata
776 365 935 451 acceperut

294 456 396 519 vul.
419 397 498 515 droit
515 455 554 514 dii
568 453 784 513 immortales!
798 452 848 511 ubi
861 449 935 513 ostilia

251 560 345 613 mos,
371 535 516 627 uirtusque
546 532 700 612 majorum
723 534 736 593 d
763 531 804 593 C.
832 531 937 625 Popilie

251 620 342 758 tut
355 610 827 836 quieturum}
845 610 942 753 tu

254 778 299 839 bis
320 778 398 839 senat
420 772 642 835 sdenunriaffet
664 819 676 849 ,
701 789 737 833 ut
761 774 802 833 ab
828 771 941 833 Alexan·

256 859 319 918 dria
338 857 522 927 discederet,
542 874 630 935 quam
652 853 849 915 obsidebat:
872 870 943 934 quun

152 930 155 939 ’
253 955 369 1018 tempus
385 937 433 996 iile
451 932 597 1009 differret,
617 934 740 1017 virgula
759 932 884 994 stantem
902 934 944 1012 cit·

255 1017 431 1097 cumscripsit
444 1037 453 1088 3
471 1016 598 1095 dixitque
609 1014 637 1075 se
654 1017 895 1076 renuntiaturum
909 1010 946 1072 se·

255 1100 364 1171 nutui,
389 1097 442 1155 nisi
464 1097 542 1176 prius
562 1096 616 1154 sibi
639 1090 845 1177 respondiss'et
861 1092 945 1234 :apud

255 1177 379 1238 fadiurus
400 1173 470 1236 effer
490 1216 502 1246 ,
526 1173 614 1256 quim
635 1193 676 1235 ex
702 1176 756 1235 illa
780 1176 859 1235 circu
899 1174 946 1233 cti·

279 1260 358 1317 tione
372 1255 538 1336 excederet.
561 1254 719 1315 Praeclare:
741 1253 862 1315 senariis
880 1254 944 1314 enin

254 1279 362 1398 iaciem
381 1336 476 1397 secum
493 1336 646 1408 attulerat,
667 1334 880 1397 auctoritatem
898 1355 944 1416 po·
983 1370 984 1413 3

256 1420 318 1500 puli
339 1418 486 1489 Romani,
503 1418 549 1476 cui
565 1419 614 1496 qui
632 1436 697 1475 non
715 1433 829 1498 paret,
843 1434 900 1474 non
917 1414 945 1474 ab

259 1518 298 1560 eo
316 1498 450 1559 mandata
467 1496 634 1577 accipienda
648 1496 745 1573 sunt,
770 1495 824 1558 fed
841 1494 899 1578 ipse
915 1495 945 1556 td

260 1595 339 1640 totus
357 1600 389 1640 re
411 1577 563 1638 udiandus.

298 1679 350 1733 24.
407 1678 426 1717 n
442 1679 499 1739 ego
513 1659 550 1718 ab
565 1677 603 1718 eo
619 1655 763 1718 mandata
781 1658 944 1739 acciperem,

258 1741 308 1821 qui
326 1737 437 1799 senatus
457 1738 594 1797 mandata
607 1739 844 1799 contemneret?
860 1753 907 1798 aut
925 1738 945 1798 ti

259 1841 326 1880 cum
350 1819 448 1880 senatu
470 1818 626 1900 quidquam
650 1837 819 1879 commune
842 1816 944 1897 judita·

260 1920 343 1973 rem,
358 1902 406 1978 qui
416 1901 623 1979 imperatorem
639 1900 746 1979 populi
755 1898 901 1971 Romani,
913 1896 945 1959 st·

259 1996 327 2040 natu
339 1978 515 2058 prohibente
527 2022 536 2052 ,
546 1977 695 2038 obsideret
708 1977 720 2037 i
733 1979 780 2038 At
795 2000 862 2060 quae
875 1998 945 2039 mau-

257 2058 347 2118 data?
371 2058 429 2139 qud
445 2058 607 2141 arrogantid
625 2057 636 2117 i
656 2078 716 2139 quo
730 2057 876 2140 stupore?

257 2137 377 2219 spiritu?
399 2137 460 2199 Cur
482 2158 580 2219 autem
600 2159 637 2198 ea
657 2139 763 2222 legatis
782 2076 945 2200 nostrisiii

258 2221 330 2293 bat,
348 2241 436 2302 quum
453 2220 491 2279 ad
506 2239 562 2278 nos
579 2216 723 2299 Cotylam
742 2223 895 2294 mitteret,
906 2240 944 2279 ot·

258 2319 424 2362 numentum
453 2318 540 2380 atque
569 2319 665 2360 arcem
694 2303 862 2362 amicorum
889 2300 944 2361 suo·

258 2401 322 2440 rum
340 2426 349 2454 ‚
370 2381 519 2440 hominem
545 2380 724 2441 aedilitium?
747 2385 773 2441 si
795 2383 871 2443 verb
892 2397 944 2441 tun

257 2459 311 2520 fuit
336 2461 449 2531 aedilis,
472 2481 561 2541 quum
587 2481 654 2522 eum
676 2458 750 2538 juffu
777 2460 943 2522 Antoniiiu

260 2543 399 2600 convivio
420 2541 492 2601 servi
505 2541 614 2621 publici
631 2541 701 2602 loris
718 2543 903 2602 ceciderunt.

302 2639 351 2699 25.
378 2621 420 2680 At
436 2621 522 2702 quim
539 2619 670 2681 modesta
684 2621 847 2682 mandata!
868 2620 946 2683 ferrei

257 2700 378 2774 sumus,
401 2699 499 2763 Patres
517 2701 670 2782 conscripti
689 2747 699 2777 ,
717 2705 768 2782 qui
791 2703 946 2785 quidquam
979 2758 982 2768 ,

258 2779 324 2841 huic
340 2801 492 2861 negemus.
519 2786 671 2866 [letumque
684 2785 864 2865 provinciam
874 2829 889 2859 ,
907 2784 949 2853 in,
