2125 3784
155 383 248 458 ¹32
414 356 641 428 Onnrro

196 471 403 554 rempublicam
417 474 520 533 merita
534 471 729 545 condonetis;
746 482 803 535 nec
814 494 886 552 poa·

198 555 336 627 tulaturi,
354 569 385 612 ut
403 555 426 614 si
441 573 523 621 mota,
535 551 569 614 P.
584 549 686 621 ‚clodii
703 552 778 619 salus¹
792 553 888 616 vestra

198 636 304 708 fuerit,
320 634 428 694 idcirco
445 653 511 694 earn
521 634 622 692 virtuti
636 633 757 694 Milonis
769 637 889 714 potiin,

199 715 289 858 puim
303 714 404 795 populi
421 712 547 774 Rotnani
560 712 712 788 felicitati,
726 715 887 796 assignetis.

223 799 252 855 in
269 796 342 856 illius
365 793 471 855 insidia
493 792 629 857 clariores
653 794 707 854 hac
732 796 799 857 luce
824 793 889 856 fue·

201 879 282 949 rint;
307 891 369 935 tum
395 874 521 955 denique
545 873 733 948 obsecrabo,
758 872 890 936 obtesta-

201 958 316 1038 borque
332 977 405 1030 vos,
420 955 557 1028 ludices,
571 958 594 1014 si
612 971 708 1014 cetera
723 957 891 1027 amisimus,

202 1039 261 1099 hoc
278 1037 377 1097 saltem
392 1036 475 1097 nobis
490 1052 521 1095 ut
538 1035 729 1115 relinquatur,
743 1035 780 1094 ab
796 1037 891 1096 inimi·

204 1140 307 1179 corum
325 1116 462 1189 audacia,
478 1113 599 1197 telisque
612 1118 702 1178 vitam
718 1133 751 1174 ut
768 1116 887 1197 impunb

206 1184 292 1263 liceat
311 1197 481 1259 defendere.
890 1252 895 1259 .

244 1278 309 1339 111.
333 1277 412 1351 Sed,
427 1293 584 1357 antequam
595 1275 631 1336 ad
644 1296 710 1336 eam
723 1278 895 1343 orationem

204 1363 324 1427 ve'nio,
351 1378 415 1437 quae
431 1355 482 1417 est·
495 1358 612 1437 propria
633 1354 736 1415 nostrae
757 1355 896 1437 quaestio-

206 1443 271 1514 nis,
292 1436 426 1498 videntur
444 1457 477 1496 ea
498 1433 554 1496 esse
575 1435 747 1509 refutanda,
770 1457 835 1517 quae
860 1437 894 1497 &

205 1522 236 1581 in
252 1518 349 1581 senatu
365 1518 402 1577 ab
419 1517 540 1577 inimicis
556 1514 629 1597 saepe
642 1513 747 1594 jaciata
760 1516 845 1591 sunt,
861 1517 894 1578 &

206 1602 237 1662 in
255 1600 443 1660 concionibus
456 1596 530 1678 saepe
547 1595 583 1656 ab
600 1598 757 1677 improbis,
774 1597 808 1658 &
823 1619 896 1678 pau·

207 1681 239 1740 lb
259 1682 325 1738 ante
342 1680 379 1737 ab
397 1678 605 1738 accusatoribus
615 1699 625 1752 3
642 1696 674 1736 ut
694 1680 776 1738 omni
794 1697 897 1739 errore

209 1759 320 1818 sublato
341 1803 350 1830 ‚
371 1778 433 1817 rem
452 1758 565 1837 plani,
606 1777 648 1816 uae
668 1760 796 1819 venitin
816 1756 897 1836 judi-

209 1841 304 1912 cium,
324 1837 425 1898 videre
442 1839 569 1918 possitis.
624 1855 709 1976 ciant
729 1840 831 1899 intueri
847 1840 898 1899 lu-

209 1942 275 1982 cem
293 1918 348 1980 elle
364 1917 406 1978 fas
428 1923 474 1992 ei,
515 1920 544 1978 ui
564 1916 626 1978 ase
666 1921 799 1979 ominem
817 1921 898 1979 occi·

209 2000 271 2062 sum
283 1999 339 2058 effe
350 1998 482 2057 fateatur.
495 1939 531 2056 in
583 2019 599 2056 a
615 1997 734 2059 tandem
748 1999 820 2059 urbe
838 1999 898 2060 hoc

210 2081 344 2139 homines
365 2075 519 2137 stultissimi
563 2077 711 2157 isputant?
735 2099 842 2159 nempe
867 2081 899 2146 in

212 2178 269 2230 ea,
287 2178 351 2237 quae
366 2159 491 2237 primum
506 2155 645 2235 judicium
656 2158 692 2219 de
710 2162 804 2238 capite
822 2160 898 2220 vidit

211 2237 259 2304 Μ.
280 2238 420 2311 Horatii,
437 2237 585 2298 fortissimi
602 2240 679 2311 viti;
698 2241 746 2318 qui
765 2239 900 2301 nondum

212 2319 303 2378 liberi
322 2320 458 2392 civitate,
473 2334 571 2379 tamen
585 2319 685 2399 populi
701 2319 829 2380 Romani
846 2342 900 2380 co·

213 2402 300 2460 mitiis
317 2399 451 2459 liberatus
468 2397 508 2460 est
521 2443 530 2469 ‚
547 2419 636 2479 quum
651 2395 698 2460 sua
713 2420 800 2461 manu
815 2400 900 2463 soro·

214 2500 277 2544 rem
294 2477 472 2538 interfeclam
489 2475 546 2539 elle
566 2477 714 2538 fateretur.

257 2560 285 2621 8.
310 2559 360 2619 An
379 2556 419 2618 est
438 2556 605 2640 quisquam,
624 2559 673 2640 qui
689 2555 746 2620 hoc
765 2561 906 2642 ignoret,-

215 2662 304 2722 quum
324 2639 361 2701 de
379 2640 497 2701 homine
508 2638 603 2700 occiso
617 2657 773 2719 quaeratur,
787 2659 835 2702 aut
849 2665 902 2704 ne-

217 2725 276 2800 gari
288 2720 380 2784 solere
397 2723 516 2782 omnino
533 2718 589 2781 effe
605 2718 709 2779 fanum
720 2741 729 2792 ;
741 2738 789 2780 aut
801 2722 879 2782 teile
886 2769 901 2796 ,

218 2820 252 2863 ac
276 2799 335 2873 iure
355 2801 459 2863 fabium
486 2799 543 2863 elle
571 2797 717 2860 defendi?
743 2799 806 2859 Nisi
825 2805 903 2864 vero

219 2877 403 2959 existimatis,
418 2883 587 2947 dementem
598 2879 630 2944 P.
645 2879 814 2944 Africanum
828 2880 903 2945 fuis-

164 3344 340 3451 A
