<?xml version="1.0" encoding="UTF-8"?>
<!DOCTYPE html PUBLIC "-//W3C//DTD XHTML 1.0 Transitional//EN"
    "http://www.w3.org/TR/xhtml1/DTD/xhtml1-transitional.dtd">
<html xmlns="http://www.w3.org/1999/xhtml" xml:lang="en" lang="en">
 <head>
  <title>
</title>
<meta http-equiv="Content-Type" content="text/html;charset=utf-8" />
  <meta name='ocr-system' content='tesseract 3.04.00' />
  <meta name='ocr-capabilities' content='ocr_page ocr_carea ocr_par ocr_line ocrx_word'/>
</head>
<body>
  <div class='ocr_page' id='page_1' title='image "./mtulliiciceroni04lallgoog_0142.png"; bbox 0 0 2125 3784; ppageno 0'>
   <div class='ocr_carea' id='block_1_1' title="bbox 263 324 738 422">
    <p class='ocr_par' dir='ltr' id='par_1_1' title="bbox 263 324 738 422">
     <span class='ocr_line' id='line_1_1' title="bbox 263 324 738 422; baseline -0.011 -22"><span class='ocrx_word' id='word_1_1' title='bbox 263 326 341 422; x_wconf 81' lang='lat'>&#39;136</span> <span class='ocrx_word' id='word_1_2' title='bbox 485 324 738 395; x_wconf 63' lang='lat' dir='ltr'>Onrrro·</span> 
     </span>
    </p>
   </div>
   <div class='ocr_carea' id='block_1_2' title="bbox 183 436 954 2671">
    <p class='ocr_par' dir='ltr' id='par_1_2' title="bbox 183 436 949 1084">
     <span class='ocr_line' id='line_1_2' title="bbox 183 436 947 523; baseline -0.007 -20"><span class='ocrx_word' id='word_1_3' title='bbox 183 459 185 464; x_wconf 82' lang='lat'>&#39;</span> <span class='ocrx_word' id='word_1_4' title='bbox 261 438 397 520; x_wconf 81' lang='lat' dir='ltr'>Dejotari</span> <span class='ocrx_word' id='word_1_5' title='bbox 413 441 472 502; x_wconf 82' lang='lat' dir='ltr'>inte</span> <span class='ocrx_word' id='word_1_6' title='bbox 494 446 578 513; x_wconf 77' lang='lat' dir='ltr'>ritas,</span> <span class='ocrx_word' id='word_1_7' title='bbox 594 443 735 523; x_wconf 81' lang='lat' dir='ltr'>gravitas,</span> <span class='ocrx_word' id='word_1_8' title='bbox 746 440 857 513; x_wconf 77' lang='lat' dir='ltr'>virtus,</span> <span class='ocrx_word' id='word_1_9' title='bbox 874 436 947 509; x_wconf 67' lang='lat' dir='ltr'>fides</span> 
     </span>
     <span class='ocr_line' id='line_1_3' title="bbox 232 463 947 603; baseline 0 -21"><span class='ocrx_word' id='word_1_10' title='bbox 232 557 235 561; x_wconf 92' lang='lat'>·</span> <span class='ocrx_word' id='word_1_11' title='bbox 260 543 321 582; x_wconf 85' lang='lat' dir='ltr'>non</span> <span class='ocrx_word' id='word_1_12' title='bbox 344 521 440 582; x_wconf 84' lang='lat' dir='ltr'>audita</span> <span class='ocrx_word' id='word_1_13' title='bbox 460 463 522 582; x_wconf 62' lang='lat' dir='ltr'>el?</span> <span class='ocrx_word' id='word_1_14' title='bbox 544 521 637 601; x_wconf 89' lang='lat' dir='ltr'>Quod</span> <span class='ocrx_word' id='word_1_15' title='bbox 655 524 742 603; x_wconf 85' lang='lat' dir='ltr'>igitur</span> <span class='ocrx_word' id='word_1_16' title='bbox 762 521 876 586; x_wconf 77' lang='lat' dir='ltr'>facinus</span> <span class='ocrx_word' id='word_1_17' title='bbox 894 542 947 582; x_wconf 90' lang='lat' dir='ltr'>nec</span> 
     </span>
     <span class='ocr_line' id='line_1_4' title="bbox 261 599 947 684; baseline 0.003 -24"><span class='ocrx_word' id='word_1_18' title='bbox 261 601 457 663; x_wconf 87' lang='lat' dir='ltr'>inhominem</span> <span class='ocrx_word' id='word_1_19' title='bbox 477 602 691 684; x_wconf 86' lang='lat' dir='ltr'>imprudentem</span> <span class='ocrx_word' id='word_1_20' title='bbox 710 600 813 662; x_wconf 85' lang='lat' dir='ltr'>cadere</span> <span class='ocrx_word' id='word_1_21' title='bbox 831 599 947 682; x_wconf 81' lang='lat' dir='ltr'>pollet,</span> 
     </span>
     <span class='ocr_line' id='line_1_5' title="bbox 259 683 948 763; baseline 0.001 -23"><span class='ocrx_word' id='word_1_22' title='bbox 259 699 382 762; x_wconf 88' lang='lat' dir='ltr'>propter</span> <span class='ocrx_word' id='word_1_23' title='bbox 408 701 520 744; x_wconf 87' lang='lat' dir='ltr'>merum</span> <span class='ocrx_word' id='word_1_24' title='bbox 545 683 689 763; x_wconf 83' lang='lat' dir='ltr'>praesentis</span> <span class='ocrx_word' id='word_1_25' title='bbox 711 683 811 754; x_wconf 84' lang='lat' dir='ltr'>exitii,</span> <span class='ocrx_word' id='word_1_26' title='bbox 841 685 948 741; x_wconf 87' lang='lat' dir='ltr'>necin</span> 
     </span>
     <span class='ocr_line' id='line_1_6' title="bbox 257 753 949 837; baseline 0 -16"><span class='ocrx_word' id='word_1_27' title='bbox 257 753 476 837; x_wconf 82' lang='lat' dir='ltr'>facinorosum,</span> <span class='ocrx_word' id='word_1_28' title='bbox 504 764 559 823; x_wconf 87' lang='lat' dir='ltr'>nisi</span> <span class='ocrx_word' id='word_1_29' title='bbox 584 761 654 823; x_wconf 81' lang='lat' dir='ltr'>effer</span> <span class='ocrx_word' id='word_1_30' title='bbox 674 762 753 823; x_wconf 88' lang='lat' dir='ltr'>idem</span> <span class='ocrx_word' id='word_1_31' title='bbox 778 763 949 823; x_wconf 79' lang='lat' dir='ltr'>amentissi-</span> 
     </span>
     <span class='ocr_line' id='line_1_7' title="bbox 259 840 945 924; baseline 0.001 -23"><span class='ocrx_word' id='word_1_32' title='bbox 259 862 344 920; x_wconf 85' lang='lat' dir='ltr'>mus,</span> <span class='ocrx_word' id='word_1_33' title='bbox 371 840 401 902; x_wconf 76' lang='lat' dir='ltr'>ru</span> <span class='ocrx_word' id='word_1_34' title='bbox 426 865 481 903; x_wconf 86' lang='lat' dir='ltr'>vos</span> <span class='ocrx_word' id='word_1_35' title='bbox 502 844 536 903; x_wconf 88' lang='lat'>&amp;</span> <span class='ocrx_word' id='word_1_36' title='bbox 557 865 574 903; x_wconf 85' lang='lat' dir='ltr'>a</span> <span class='ocrx_word' id='word_1_37' title='bbox 601 843 666 903; x_wconf 87' lang='lat' dir='ltr'>viro</span> <span class='ocrx_word' id='word_1_38' title='bbox 690 845 829 924; x_wconf 78' lang='lat' dir='ltr'>optimo,</span> <span class='ocrx_word' id='word_1_39' title='bbox 851 842 887 903; x_wconf 90' lang='lat'>&amp;</span> <span class='ocrx_word' id='word_1_40' title='bbox 910 842 945 902; x_wconf 80' lang='lat' dir='ltr'>&#39;ab</span> 
     </span>
     <span class='ocr_line' id='line_1_8' title="bbox 259 919 946 1006; baseline 0.004 -25"><span class='ocrx_word' id='word_1_41' title='bbox 259 922 379 984; x_wconf 87' lang='lat' dir='ltr'>homine</span> <span class='ocrx_word' id='word_1_42' title='bbox 418 925 537 983; x_wconf 77' lang='lat' dir='ltr'>minime</span> <span class='ocrx_word' id='word_1_43' title='bbox 572 922 659 985; x_wconf 83' lang='lat' dir='ltr'>stultu</span> <span class='ocrx_word' id='word_1_44' title='bbox 691 925 854 1006; x_wconf 82' lang='lat' dir='ltr'>cogitatum</span> <span class='ocrx_word' id='word_1_45' title='bbox 889 919 946 984; x_wconf 81' lang='lat' dir='ltr'>e&#39;lle</span> 
     </span>
     <span class='ocr_line' id='line_1_9' title="bbox 264 1001 774 1084; baseline 0.004 -22"><span class='ocrx_word' id='word_1_46' title='bbox 264 1001 439 1084; x_wconf 83' lang='lat' dir='ltr'>confingitis.</span> <span class='ocrx_word' id='word_1_47' title='bbox 770 1064 774 1073; x_wconf 78' lang='grc'><strong>,</strong></span> 
     </span>
    </p>

    <p class='ocr_par' dir='ltr' id='par_1_3' title="bbox 260 1079 952 1880">
     <span class='ocr_line' id='line_1_10' title="bbox 301 1079 948 1166; baseline -0.002 -24"><span class='ocrx_word' id='word_1_48' title='bbox 301 1102 346 1159; x_wconf 88' lang='lat'>17.</span> <span class='ocrx_word' id='word_1_49' title='bbox 368 1085 410 1143; x_wconf 88' lang='lat' dir='ltr'>At</span> <span class='ocrx_word' id='word_1_50' title='bbox 427 1083 515 1166; x_wconf 76' lang='lat' dir='ltr'>quim</span> <span class='ocrx_word' id='word_1_51' title='bbox 532 1100 592 1142; x_wconf 90' lang='lat' dir='ltr'>non</span> <span class='ocrx_word' id='word_1_52' title='bbox 610 1083 702 1144; x_wconf 76' lang='lat' dir='ltr'>modb</span> <span class='ocrx_word' id='word_1_53' title='bbox 719 1100 780 1145; x_wconf 83' lang='lat' dir='ltr'>non</span> <span class='ocrx_word' id='word_1_54' title='bbox 797 1079 948 1141; x_wconf 84' lang='lat' dir='ltr'>credibili·</span> 
     </span>
     <span class='ocr_line' id='line_1_11' title="bbox 260 1159 948 1305; baseline -0.003 -84"><span class='ocrx_word' id='word_1_55' title='bbox 260 1178 325 1238; x_wconf 87' lang='lat' dir='ltr'>ter,</span> <span class='ocrx_word' id='word_1_56' title='bbox 345 1161 395 1224; x_wconf 88' lang='lat' dir='ltr'>sed</span> <span class='ocrx_word' id='word_1_57' title='bbox 423 1185 461 1224; x_wconf 93' lang='lat' dir='ltr'>ne</span> <span class='ocrx_word' id='word_1_58' title='bbox 484 1161 637 1243; x_wconf 73' lang='lat' dir='ltr'>suspiciose</span> <span class='ocrx_word' id='word_1_59' title='bbox 659 1159 948 1305; x_wconf 49' lang='lat' dir='ltr'>qnidemffiuum’</span> 
     </span>
     <span class='ocr_line' id='line_1_12' title="bbox 262 1241 949 1322; baseline -0.001 -21"><span class='ocrx_word' id='word_1_60' title='bbox 262 1244 372 1322; x_wconf 79' lang='lat' dir='ltr'>inquit,</span> <span class='ocrx_word' id='word_1_61' title='bbox 387 1246 416 1302; x_wconf 93' lang='lat' dir='ltr'>in</span> <span class='ocrx_word' id='word_1_62' title='bbox 433 1241 591 1305; x_wconf 82' lang='lat' dir='ltr'>Castellum</span> <span class='ocrx_word' id='word_1_63' title='bbox 609 1244 745 1305; x_wconf 84' lang='lat' dir='ltr'>Luceium</span> <span class='ocrx_word' id='word_1_64' title='bbox 759 1266 779 1303; x_wconf 86' lang='lat' dir='ltr'>v</span> <span class='ocrx_word' id='word_1_65' title='bbox 820 1243 826 1257; x_wconf 90' lang='lat'>&#39;</span> <span class='ocrx_word' id='word_1_66' title='bbox 852 1259 903 1313; x_wconf 85' lang='lat' dir='ltr'>es,</span> <span class='ocrx_word' id='word_1_67' title='bbox 915 1241 949 1301; x_wconf 75' lang='grc' dir='ltr'>δι</span> 
     </span>
     <span class='ocr_line' id='line_1_13' title="bbox 261 1318 948 1407; baseline 0.001 -26"><span class='ocrx_word' id='word_1_68' title='bbox 261 1318 383 1383; x_wconf 83' lang='lat' dir='ltr'>domum</span> <span class='ocrx_word' id='word_1_69' title='bbox 408 1327 506 1407; x_wconf 81' lang='lat' dir='ltr'>regis,</span> <span class='ocrx_word' id='word_1_70' title='bbox 525 1323 642 1405; x_wconf 90' lang='lat' dir='ltr'>hospitis</span> <span class='ocrx_word' id='word_1_71' title='bbox 667 1327 733 1399; x_wconf 89' lang='lat' dir='ltr'>tui,</span> <span class='ocrx_word' id='word_1_72' title='bbox 755 1318 948 1394; x_wconf 70' lang='lat' dir='ltr'>devertiffes5</span> 
     </span>
     <span class='ocr_line' id='line_1_14' title="bbox 263 1400 952 1487; baseline 0.004 -25"><span class='ocrx_word' id='word_1_73' title='bbox 263 1400 345 1464; x_wconf 87' lang='lat' dir='ltr'>locus</span> <span class='ocrx_word' id='word_1_74' title='bbox 362 1422 423 1464; x_wconf 84' lang='lat' dir='ltr'>erat</span> <span class='ocrx_word' id='word_1_75' title='bbox 441 1403 579 1487; x_wconf 88' lang='lat' dir='ltr'>quidam,</span> <span class='ocrx_word' id='word_1_76' title='bbox 594 1406 625 1463; x_wconf 93' lang='lat' dir='ltr'>in</span> <span class='ocrx_word' id='word_1_77' title='bbox 641 1426 700 1486; x_wconf 90' lang='lat' dir='ltr'>quo</span> <span class='ocrx_word' id='word_1_78' title='bbox 718 1422 801 1466; x_wconf 80' lang='lat' dir='ltr'>erant</span> <span class='ocrx_word' id='word_1_79' title='bbox 818 1422 854 1463; x_wconf 87' lang='lat' dir='ltr'>ea</span> <span class='ocrx_word' id='word_1_80' title='bbox 866 1421 952 1465; x_wconf 85' lang='lat' dir='ltr'>com·.</span> 
     </span>
     <span class='ocr_line' id='line_1_15' title="bbox 261 1480 950 1566; baseline 0 -23"><span class='ocrx_word' id='word_1_81' title='bbox 261 1485 375 1564; x_wconf 83' lang='lat' dir='ltr'>posita,</span> <span class='ocrx_word' id='word_1_82' title='bbox 390 1486 492 1566; x_wconf 89' lang='lat' dir='ltr'>quibus</span> <span class='ocrx_word' id='word_1_83' title='bbox 509 1504 561 1545; x_wconf 84' lang='lat' dir='ltr'>rex</span> <span class='ocrx_word' id='word_1_84' title='bbox 574 1503 604 1545; x_wconf 85' lang='lat' dir='ltr'>te</span> <span class='ocrx_word' id='word_1_85' title='bbox 621 1500 772 1546; x_wconf 80' lang='lat' dir='ltr'>munerare</span> <span class='ocrx_word' id='word_1_86' title='bbox 791 1480 950 1549; x_wconf 79' lang='lat' dir='ltr'>constitue·</span> 
     </span>
     <span class='ocr_line' id='line_1_16' title="bbox 261 1564 951 1646; baseline -0.001 -22"><span class='ocrx_word' id='word_1_87' title='bbox 261 1580 306 1624; x_wconf 81' lang='lat' dir='ltr'>rat</span> <span class='ocrx_word' id='word_1_88' title='bbox 320 1564 394 1624; x_wconf 88' lang='lat' dir='ltr'>:huc</span> <span class='ocrx_word' id='word_1_89' title='bbox 413 1582 474 1627; x_wconf 83' lang='lat' dir='ltr'>tce</span> <span class='ocrx_word' id='word_1_90' title='bbox 491 1564 618 1638; x_wconf 86' lang='lat' dir='ltr'>balneo,</span> <span class='ocrx_word' id='word_1_91' title='bbox 635 1569 711 1646; x_wconf 76' lang='lat' dir='ltr'>prius</span> <span class='ocrx_word' id='word_1_92' title='bbox 727 1564 815 1646; x_wconf 61' lang='lat' dir='ltr'>quem</span> <span class='ocrx_word' id='word_1_93' title='bbox 832 1582 951 1625; x_wconf 88' lang='lat' dir='ltr'>accum-</span> 
     </span>
     <span class='ocr_line' id='line_1_17' title="bbox 261 1645 951 1719; baseline -0.003 -15"><span class='ocrx_word' id='word_1_94' title='bbox 261 1645 367 1719; x_wconf 85' lang='lat' dir='ltr'>beres,</span> <span class='ocrx_word' id='word_1_95' title='bbox 387 1645 491 1707; x_wconf 87' lang='lat' dir='ltr'>ducere</span> <span class='ocrx_word' id='word_1_96' title='bbox 508 1646 629 1706; x_wconf 87' lang='lat' dir='ltr'>volebat</span> <span class='ocrx_word' id='word_1_97' title='bbox 641 1666 649 1705; x_wconf 88' lang='lat'>:</span> <span class='ocrx_word' id='word_1_98' title='bbox 661 1647 699 1706; x_wconf 90' lang='lat' dir='ltr'>ibi</span> <span class='ocrx_word' id='word_1_99' title='bbox 715 1647 794 1706; x_wconf 90' lang='lat' dir='ltr'>enim</span> <span class='ocrx_word' id='word_1_100' title='bbox 809 1661 892 1706; x_wconf 80' lang='lat' dir='ltr'>erant</span> <span class='ocrx_word' id='word_1_101' title='bbox 903 1663 951 1702; x_wconf 82' lang='lat' dir='ltr'>m-</span> 
     </span>
     <span class='ocr_line' id='line_1_18' title="bbox 263 1723 952 1807; baseline 0.003 -25"><span class='ocrx_word' id='word_1_102' title='bbox 263 1727 355 1797; x_wconf 83' lang='lat' dir='ltr'>mati,</span> <span class='ocrx_word' id='word_1_103' title='bbox 372 1729 421 1806; x_wconf 88' lang='lat' dir='ltr'>qui</span> <span class='ocrx_word' id='word_1_104' title='bbox 433 1744 462 1786; x_wconf 87' lang='lat' dir='ltr'>te</span> <span class='ocrx_word' id='word_1_105' title='bbox 476 1724 688 1800; x_wconf 83' lang='lat' dir='ltr'>interficerent,</span> <span class='ocrx_word' id='word_1_106' title='bbox 704 1728 733 1786; x_wconf 91' lang='lat' dir='ltr'>in</span> <span class='ocrx_word' id='word_1_107' title='bbox 753 1724 791 1786; x_wconf 77' lang='lat' dir='ltr'>en</span> <span class='ocrx_word' id='word_1_108' title='bbox 805 1723 869 1806; x_wconf 85' lang='lat' dir='ltr'>ipso</span> <span class='ocrx_word' id='word_1_109' title='bbox 880 1724 952 1807; x_wconf 83' lang='lat' dir='ltr'>locu¹</span> 
     </span>
     <span class='ocr_line' id='line_1_19' title="bbox 263 1801 952 1880; baseline 0.001 -16"><span class='ocrx_word' id='word_1_110' title='bbox 263 1804 409 1865; x_wconf 84' lang='lat' dir='ltr'>collocati.</span> <span class='ocrx_word' id='word_1_111' title='bbox 431 1804 477 1865; x_wconf 89' lang='lat' dir='ltr'>En</span> <span class='ocrx_word' id='word_1_112' title='bbox 499 1808 628 1880; x_wconf 81' lang='lat' dir='ltr'>crimen,</span> <span class='ocrx_word' id='word_1_113' title='bbox 655 1827 694 1866; x_wconf 91' lang='lat' dir='ltr'>en</span> <span class='ocrx_word' id='word_1_114' title='bbox 709 1801 810 1879; x_wconf 82' lang='lat' dir='ltr'>caula,</span> <span class='ocrx_word' id='word_1_115' title='bbox 830 1825 881 1865; x_wconf 88' lang='lat' dir='ltr'>cur</span> <span class='ocrx_word' id='word_1_116' title='bbox 900 1823 952 1865; x_wconf 84' lang='lat' dir='ltr'>re·</span> 
     </span>
    </p>

    <p class='ocr_par' dir='ltr' id='par_1_4' title="bbox 263 1882 952 2449">
     <span class='ocr_line' id='line_1_20' title="bbox 285 1882 950 1968; baseline 0.002 -24"><span class='ocrx_word' id='word_1_117' title='bbox 285 1904 331 1944; x_wconf 92' lang='lat' dir='ltr'>em</span> <span class='ocrx_word' id='word_1_118' title='bbox 350 1885 507 1968; x_wconf 83' lang='lat' dir='ltr'>fugitivus,</span> <span class='ocrx_word' id='word_1_119' title='bbox 534 1887 685 1946; x_wconf 90' lang='lat' dir='ltr'>dominum</span> <span class='ocrx_word' id='word_1_120' title='bbox 705 1886 803 1948; x_wconf 79' lang='lat' dir='ltr'>servus</span> <span class='ocrx_word' id='word_1_121' title='bbox 823 1882 950 1947; x_wconf 77' lang='lat' dir='ltr'>accuser.</span> 
     </span>
     <span class='ocr_line' id='line_1_21' title="bbox 263 1904 951 2047; baseline 0 -23"><span class='ocrx_word' id='word_1_122' title='bbox 263 1904 329 2045; x_wconf 59' lang='lat' dir='ltr'>{go</span> <span class='ocrx_word' id='word_1_123' title='bbox 349 1966 537 2039; x_wconf 84' lang='lat' dir='ltr'>mehercule,</span> <span class='ocrx_word' id='word_1_124' title='bbox 556 1965 594 2026; x_wconf 87' lang='lat' dir='ltr'>C.</span> <span class='ocrx_word' id='word_1_125' title='bbox 609 1965 720 2041; x_wconf 84' lang='lat' dir='ltr'>Caesar,</span> <span class='ocrx_word' id='word_1_126' title='bbox 735 1969 841 2039; x_wconf 86' lang='lat' dir='ltr'>initio,</span> <span class='ocrx_word' id='word_1_127' title='bbox 860 1984 951 2047; x_wconf 85' lang='lat' dir='ltr'>quum</span> 
     </span>
     <span class='ocr_line' id='line_1_22' title="bbox 264 2044 952 2126; baseline 0.007 -24"><span class='ocrx_word' id='word_1_128' title='bbox 264 2046 359 2104; x_wconf 87' lang='lat' dir='ltr'>estad</span> <span class='ocrx_word' id='word_1_129' title='bbox 383 2066 431 2105; x_wconf 90' lang='lat' dir='ltr'>me</span> <span class='ocrx_word' id='word_1_130' title='bbox 457 2044 507 2106; x_wconf 87' lang='lat' dir='ltr'>ista</span> <span class='ocrx_word' id='word_1_131' title='bbox 531 2047 612 2106; x_wconf 79' lang='lat' dir='ltr'>causa</span> <span class='ocrx_word' id='word_1_132' title='bbox 637 2047 752 2122; x_wconf 86' lang='lat' dir='ltr'>delata,</span> <span class='ocrx_word' id='word_1_133' title='bbox 771 2045 898 2126; x_wconf 85' lang='lat' dir='ltr'>Phidipp</span> <span class='ocrx_word' id='word_1_134' title='bbox 920 2065 952 2107; x_wconf 82' lang='lat' dir='ltr'>m</span> 
     </span>
     <span class='ocr_line' id='line_1_23' title="bbox 264 2066 918 2208; baseline 0.006 -26"><span class='ocrx_word' id='word_1_135' title='bbox 264 2123 432 2198; x_wconf 87' lang='lat' dir='ltr'>medicum,</span> <span class='ocrx_word' id='word_1_136' title='bbox 455 2125 569 2187; x_wconf 87' lang='lat' dir='ltr'>servum</span> <span class='ocrx_word' id='word_1_137' title='bbox 596 2128 728 2208; x_wconf 85' lang='lat' dir='ltr'>regium,</span> <span class='ocrx_word' id='word_1_138' title='bbox 750 2129 798 2207; x_wconf 89' lang='lat' dir='ltr'>qui</span> <span class='ocrx_word' id='word_1_139' title='bbox 818 2066 918 2186; x_wconf 85' lang='lat' dir='ltr'>euml</span> 
     </span>
     <span class='ocr_line' id='line_1_24' title="bbox 264 2203 951 2285; baseline 0.006 -23"><span class='ocrx_word' id='word_1_140' title='bbox 264 2206 336 2285; x_wconf 81' lang='lat' dir='ltr'>gatis</span> <span class='ocrx_word' id='word_1_141' title='bbox 354 2204 448 2265; x_wconf 82' lang='lat' dir='ltr'>miffus</span> <span class='ocrx_word' id='word_1_142' title='bbox 467 2206 537 2268; x_wconf 78' lang='lat' dir='ltr'>esset</span> <span class='ocrx_word' id='word_1_143' title='bbox 550 2251 559 2279; x_wconf 90' lang='lat'>‚</span> <span class='ocrx_word' id='word_1_144' title='bbox 573 2207 610 2265; x_wconf 87' lang='lat' dir='ltr'>ab</span> <span class='ocrx_word' id='word_1_145' title='bbox 623 2205 676 2274; x_wconf 83' lang='lat' dir='ltr'>isto</span> <span class='ocrx_word' id='word_1_146' title='bbox 693 2206 876 2275; x_wconf 72' lang='lat' dir='ltr'>adolescente,</span> <span class='ocrx_word' id='word_1_147' title='bbox 894 2203 951 2267; x_wconf 80' lang='lat' dir='ltr'>effe</span> 
     </span>
     <span class='ocr_line' id='line_1_25' title="bbox 263 2283 950 2368; baseline 0.01 -26"><span class='ocrx_word' id='word_1_148' title='bbox 263 2302 431 2367; x_wconf 85' lang='lat' dir='ltr'>corruptum</span> <span class='ocrx_word' id='word_1_149' title='bbox 445 2307 455 2360; x_wconf 81' lang='lat'>3</span> <span class='ocrx_word' id='word_1_150' title='bbox 474 2289 528 2347; x_wconf 85' lang='lat' dir='ltr'>hac</span> <span class='ocrx_word' id='word_1_151' title='bbox 540 2286 700 2367; x_wconf 82' lang='lat' dir='ltr'>suspicione</span> <span class='ocrx_word' id='word_1_152' title='bbox 711 2286 773 2348; x_wconf 86' lang='lat' dir='ltr'>sum</span> <span class='ocrx_word' id='word_1_153' title='bbox 787 2283 950 2368; x_wconf 75' lang='lat' dir='ltr'>perculsus:</span> 
     </span>
     <span class='ocr_line' id='line_1_26' title="bbox 263 2366 952 2449; baseline 0.012 -26"><span class='ocrx_word' id='word_1_154' title='bbox 263 2366 408 2427; x_wconf 88' lang='lat' dir='ltr'>medicum</span> <span class='ocrx_word' id='word_1_155' title='bbox 423 2368 550 2430; x_wconf 90' lang='lat' dir='ltr'>indicem</span> <span class='ocrx_word' id='word_1_156' title='bbox 563 2367 748 2429; x_wconf 80' lang='lat' dir='ltr'>subornavit?</span> <span class='ocrx_word' id='word_1_157' title='bbox 762 2367 852 2449; x_wconf 77' lang='lat' dir='ltr'>finget</span> <span class='ocrx_word' id='word_1_158' title='bbox 863 2367 952 2431; x_wconf 82' lang='lat' dir='ltr'>vide·.</span> 
     </span>
    </p>

    <p class='ocr_par' dir='ltr' id='par_1_5' title="bbox 242 2445 954 2671">
     <span class='ocr_line' id='line_1_27' title="bbox 242 2445 954 2528; baseline -0.001 -24"><span class='ocrx_word' id='word_1_159' title='bbox 242 2464 245 2468; x_wconf 84' lang='lat'>·</span> <span class='ocrx_word' id='word_1_160' title='bbox 264 2445 333 2506; x_wconf 89' lang='lat' dir='ltr'>licet</span> <span class='ocrx_word' id='word_1_161' title='bbox 350 2448 468 2528; x_wconf 82' lang='lat' dir='ltr'>aliquod</span> <span class='ocrx_word' id='word_1_162' title='bbox 486 2451 596 2510; x_wconf 87' lang='lat' dir='ltr'>crimen</span> <span class='ocrx_word' id='word_1_163' title='bbox 617 2450 735 2509; x_wconf 83' lang='lat' dir='ltr'>veneni.</span> <span class='ocrx_word' id='word_1_164' title='bbox 759 2448 821 2508; x_wconf 83' lang='lat' dir='ltr'>Etsi</span> <span class='ocrx_word' id='word_1_165' title='bbox 837 2470 854 2509; x_wconf 82' lang='lat' dir='ltr'>a</span> <span class='ocrx_word' id='word_1_166' title='bbox 870 2446 954 2508; x_wconf 88' lang='lat' dir='ltr'>veri·.</span> 
     </span>
     <span class='ocr_line' id='line_1_28' title="bbox 263 2527 953 2610; baseline 0.007 -24"><span class='ocrx_word' id='word_1_167' title='bbox 263 2542 324 2587; x_wconf 82' lang='lat' dir='ltr'>rare</span> <span class='ocrx_word' id='word_1_168' title='bbox 346 2529 455 2610; x_wconf 75' lang='lat' dir='ltr'>longe,</span> <span class='ocrx_word' id='word_1_169' title='bbox 472 2545 571 2588; x_wconf 84' lang='lat' dir='ltr'>tamen</span> <span class='ocrx_word' id='word_1_170' title='bbox 589 2549 606 2586; x_wconf 86' lang='lat' dir='ltr'>a</span> <span class='ocrx_word' id='word_1_171' title='bbox 624 2529 830 2591; x_wconf 84' lang='lat' dir='ltr'>consuetudine</span> <span class='ocrx_word' id='word_1_172' title='bbox 853 2527 953 2591; x_wconf 80' lang='lat' dir='ltr'>crimi-¹</span> 
     </span>
     <span class='ocr_line' id='line_1_29' title="bbox 264 2607 953 2671; baseline 0.004 -3"><span class='ocrx_word' id='word_1_173' title='bbox 264 2607 352 2668; x_wconf 84' lang='lat' dir='ltr'>nandi</span> <span class='ocrx_word' id='word_1_174' title='bbox 371 2630 431 2668; x_wconf 89' lang='lat' dir='ltr'>non</span> <span class='ocrx_word' id='word_1_175' title='bbox 453 2609 574 2669; x_wconf 73' lang='lat' dir='ltr'>multum</span> <span class='ocrx_word' id='word_1_176' title='bbox 596 2628 642 2668; x_wconf 87' lang='lat' dir='ltr'>res</span> <span class='ocrx_word' id='word_1_177' title='bbox 662 2608 848 2669; x_wconf 81' lang='lat' dir='ltr'>abhorrebar.</span> <span class='ocrx_word' id='word_1_178' title='bbox 949 2660 953 2671; x_wconf 95' lang='lat'><em>.</em></span> 
     </span>
    </p>
   </div>
   <div class='ocr_carea' id='block_1_3' title="bbox 263 2686 953 2939">
    <p class='ocr_par' dir='ltr' id='par_1_6' title="bbox 263 2686 953 2939">
     <span class='ocr_line' id='line_1_30' title="bbox 308 2686 952 2768; baseline 0.009 -23"><span class='ocrx_word' id='word_1_179' title='bbox 308 2687 354 2748; x_wconf 90' lang='lat'>18.</span> <span class='ocrx_word' id='word_1_180' title='bbox 375 2686 457 2768; x_wconf 86' lang='lat' dir='ltr'>Quid</span> <span class='ocrx_word' id='word_1_181' title='bbox 475 2692 513 2749; x_wconf 88' lang='lat' dir='ltr'>ait</span> <span class='ocrx_word' id='word_1_182' title='bbox 531 2689 683 2749; x_wconf 81' lang='lat' dir='ltr'>medicus?</span> <span class='ocrx_word' id='word_1_183' title='bbox 704 2689 773 2748; x_wconf 86' lang='lat' dir='ltr'>nihil</span> <span class='ocrx_word' id='word_1_184' title='bbox 792 2689 830 2748; x_wconf 82' lang='lat' dir='ltr'>de</span> <span class='ocrx_word' id='word_1_185' title='bbox 852 2705 952 2751; x_wconf 76' lang='lat' dir='ltr'>verre·¹</span> 
     </span>
     <span class='ocr_line' id='line_1_31' title="bbox 263 2767 948 2849; baseline 0.004 -25"><span class='ocrx_word' id='word_1_186' title='bbox 263 2786 315 2825; x_wconf 86' lang='lat' dir='ltr'>no.</span> <span class='ocrx_word' id='word_1_187' title='bbox 336 2767 378 2826; x_wconf 90' lang='lat' dir='ltr'>At</span> <span class='ocrx_word' id='word_1_188' title='bbox 395 2769 425 2828; x_wconf 91' lang='lat' dir='ltr'>id</span> <span class='ocrx_word' id='word_1_189' title='bbox 441 2768 501 2829; x_wconf 85' lang='lat' dir='ltr'>fieri</span> <span class='ocrx_word' id='word_1_190' title='bbox 519 2771 634 2849; x_wconf 88' lang='lat' dir='ltr'>potuit,</span> <span class='ocrx_word' id='word_1_191' title='bbox 652 2770 747 2849; x_wconf 72' lang='lat' dir='ltr'>primi&gt;</span> <span class='ocrx_word' id='word_1_192' title='bbox 765 2770 904 2829; x_wconf 72' lang='lat' dir='ltr'>occultius</span> <span class='ocrx_word' id='word_1_193' title='bbox 917 2770 948 2827; x_wconf 87' lang='lat' dir='ltr'>in</span> 
     </span>
     <span class='ocr_line' id='line_1_32' title="bbox 263 2847 953 2939; baseline 0.014 -35"><span class='ocrx_word' id='word_1_194' title='bbox 263 2847 406 2925; x_wconf 83' lang='lat' dir='ltr'>potione,</span> <span class='ocrx_word' id='word_1_195' title='bbox 426 2850 473 2912; x_wconf 88' lang='lat' dir='ltr'>vel</span> <span class='ocrx_word' id='word_1_196' title='bbox 500 2853 530 2911; x_wconf 87' lang='lat' dir='ltr'>in</span> <span class='ocrx_word' id='word_1_197' title='bbox 551 2850 635 2910; x_wconf 82' lang='lat' dir='ltr'>cibo:</span> <span class='ocrx_word' id='word_1_198' title='bbox 652 2848 758 2911; x_wconf 85' lang='lat' dir='ltr'>deinde</span> <span class='ocrx_word' id='word_1_199' title='bbox 777 2851 870 2939; x_wconf 63' lang='lat' dir='ltr'>etiem</span> <span class='ocrx_word' id='word_1_200' title='bbox 886 2849 953 2914; x_wconf 53' lang='lat' dir='ltr'>ime.</span> 
     </span>
    </p>
   </div>
   <div class='ocr_carea' id='block_1_4' title="bbox 122 3256 327 3465">
    <p class='ocr_par' dir='ltr' id='par_1_7' title="bbox 122 3256 327 3465">
     <span class='ocr_line' id='line_1_33' title="bbox 122 3256 327 3465; baseline 0 0"><span class='ocrx_word' id='word_1_201' title='bbox 122 3256 327 3465; x_wconf 61' lang='lat' dir='ltr'>‘X</span> 
     </span>
    </p>
   </div>
   <div class='ocr_carea' id='block_1_5' title="bbox 0 0 1076 3784">
    <p class='ocr_par' dir='ltr' id='par_1_8' title="bbox 0 0 1076 3784">
     <span class='ocr_line' id='line_1_34' title="bbox 0 0 1076 3784; baseline 0 0"><span class='ocrx_word' id='word_1_202' title='bbox 0 0 1076 3784; x_wconf 95' lang='lat' dir='ltr'> </span> 
     </span>
    </p>
   </div>
  </div>
 </body>
</html>
