2125 3784
184 227 261 337 256
300 225 356 299 In
380 224 430 299 Μ.
452 229 739 302 Auronrunr

205 347 248 407 o?
275 347 311 407 ab
338 349 441 421 amico·
458 347 545 405 timor
578 330 739 406 denuntiati
765 335 865 405 solet!

182 367 288 487 fiotum
304 429 405 488 similia
423 428 569 506 deinceps.
596 423 704 485 Nonne
723 423 807 484 satius
824 422 866 484 est

183 524 295 566 mutum
314 505 390 581 esse,
410 506 522 588 quim,
548 504 628 584 quod
648 524 738 565 nemo
755 503 868 565 intelli-

183 602 257 666 gat,
283 586 404 649 dicere?
428 587 495 658 En,
512 605 561 644 cur
579 582 714 664 magister
732 580 815 662 ejus,
830 603 868 645 ex

184 682 303 726 oratore
324 684 418 727 arator
444 664 553 735 sadus,
575 663 730 758 possideat
747 665 777 723 in
795 660 869 744 agro

183 745 302 826 publico
335 745 437 836 populi
457 744 584 803 Romam
609 747 704 826 campi
730 742 871 805 Leontini

185 825 245 886 duo
266 826 353 886 millia
373 844 505 908 jugerum
526 824 689 897 immunia,
711 840 743 883 ut
769 824 871 883 homi·

183 925 253 965 nem
278 904 393 966 stultum
417 926 464 963 ma
485 907 508 962 's
530 906 618 963 etiam
639 902 760 963 infatuet
783 923 870 963 mer-

183 984 257 1046 cede
275 986 398 1065 publici.
417 983 455 1044 Se
493 984 556 1043 haec
573 983 683 1044 leviora
700 981 830 1044 forcalle.

176 1098 178 1103 ·
226 1083 274 1144 23.
291 1064 364 1126 Illud
384 1086 503 1147 quaero,
527 1079 653 1123 curtam
673 1062 764 1124 subitb
785 1083 873 1124 man·

184 1141 277 1206 suetus
286 1146 316 1205 in
326 1145 424 1206 senatu
436 1144 540 1217 fuerit,
558 1163 646 1223 quum
655 1147 685 1204 in
695 1141 793 1205 edislis
807 1159 871 1205 tam

187 1223 280 1285 suisset
293 1224 380 1285 ferus.
400 1224 482 1305 Quid
494 1241 592 1283 autem
605 1225 766 1296 attinuerit,
777 1223 873 1285 Lucio

187 1303 314 1379 Cassio,
329 1307 443 1366 tribuno
455 1305 549 1386 plebis
569 1301 728 1364 fortissimo
740 1302 774 1364 δι
791 1324 870 1364 con·

185 1383 359 1447 slantissimo
380 1389 590 1459 civi,mortem
604 1383 790 1459 denuntiare,
805 1385 872 1445 siin
901 1382 906 1395 ’

189 1464 321 1527 senatum
338 1465 460 1528 venisset
478 1487 488 1538 ;
508 1463 551 1524 D.
563 1461 775 1537 Carfulenum,
793 1463 874 1526 bene

89 1556 93 1564 '
184 1545 227 1607 de
251 1548 398 1629 republica
415 1546 609 1616 sentientem,
628 1565 645 1606 e
664 1543 763 1606 senatu
784 1546 818 1605 vi
837 1543 872 1605 dt

186 1629 271 1686 minis
286 1631 387 1688 mortis
405 1648 440 1688 ex
479 1627 568 1696 llere3
583 1625 650 1686 Tib
665 1623 841 1698 Canutium,
851 1644 872 1686 a

208 1726 245 1765 uo
268 1725 329 1766 erat
353 1647 556 1768 honetllsimis
580 1705 817 1766 contentionibus
836 1704 871 1765 δι
912 1716 915 1721 ’

186 1725 282 1866 laepe,
297 1788 329 1847 &
339 1784 401 1865 jure
414 1804 555 1856 vexatus,
570 1807 631 1845 non
642 1782 753 1864 templo
766 1783 871 1858 solum,

187 1869 291 1926 verlrm
320 1870 408 1928 etiam
439 1867 517 1926 aditu
540 1866 694 1946 prohibere
721 1862 874 1946 Capitoli.

188 1943 245 2004 Cui
258 1944 497 2004 senatusconsulto
516 1965 554 2003 ne
570 1942 804 2018 intercederent,
818 1962 875 2006 ve·

187 2022 327 2082 rebatur?
343 2024 380 2083 de
392 2023 619 2103 supplicatione,
637 2023 726 2084 credo
739 2068 748 2097 ,
761 2024 807 2085 M.
820 2024 875 2086 Le·

210 2103 266 2176 idi,
284 2102 428 2162 clarissimi
443 2103 498 2162 viri
514 2123 522 2162 ι
543 2122 628 2184 atque
642 2104 671 2163 id
686 2120 746 2163 erat
762 2107 874 2185 pericu·

187 2123 270 2255 lim,
288 2183 325 2243 de
335 2179 415 2260 cujus
426 2182 539 2243 bonore
554 2184 785 2246 extraordinario
794 2205 873 2266 quo·

186 2262 256 2323 tidie
275 2263 381 2344 aliquid
393 2263 589 2345 cogitabamus
600 2309 614 2338 ,-
627 2284 666 2325 ne
682 2262 748 2343 ejus·
754 2266 874 2326 usitatus

187 2341 283 2402 honos
300 2345 341 2402 im
364 2344 501 2404 ediretur·
517 2342 585 2418 Ac,
602 2365 644 2406 ne
657 2347 721 2406 sine-
733 2344 814 2405 causa
847 2348 875 2407 i·

188 2422 304 2490 deretur
316 2366 455 2496 erllxiffe,
472 2441 504 2483 ut
522 2422 636 2484 senatus
646 2424 771 2500 adesset,
783 2447 804 2507 q

190 2503 227 2565 de
247 2504 393 2585 republica
407 2504 544 2564 relaturus
566 2503 678 2579 suisset,
696 2507 783 2566 allato
796 2527 875 2566 nun·

188 2587 232 2644 tio
251 2584 287 2645 de
315 2586 433 2667 legione
453 2603 576 2666 quarta,
603 2602 701 2647 mente
725 2586 878 2661 concidit,

190 2664 223 2723 ὃ(
236 2663 265 2723 su
287 2685 336 2726 ere
349 2663 502 2739 festinans,
520 2664 552 2726 S.
568 2663 605 2728 C.
618 2667 655 2727 de
669 2666 877 2746 supplicatione

189 2762 242 2821 per
263 2685 468 2810 discessionem
487 2745 579 2822 fecit,
604 2767 692 2830 quum
714 2744 744 2808 id
767 2744 878 2813 sesluu

190 2818 259 2883 oller
278 2842 363 2890 antea
386 2846 555 2908 numquam.
742 2827 745 2832 ’
