2125 3784
296 370 300 377 ·
327 343 651 419 Prrttrarrcd·
675 344 734 421 II.
790 361 869 448 231·

166 473 250 521 uam
260 479 379 535 cenete,
388 464 581 546 utaliquando
590 463 659 524 illud
684 462 866 527 attollatur!

167 568 170 573 ·
213 557 293 603 rot.
315 543 357 604 At
373 545 461 626 quim
475 545 627 605 nobilitata
638 487 683 607 eil
692 563 740 604 tua
755 546 804 605 illa
815 567 872 627 pe·

173 625 338 704 tegrinatio
360 623 371 684 ἓ
393 626 464 706 quid
483 625 669 706 prandiorum
689 639 869 706 apparatus,

170 703 249 783 quid
276 701 414 764 furiosam
441 706 633 766 vinolentiam
658 724 737 766 tuam
764 706 869 787 prose·

169 781 265 843 rami
283 802 335 844 tua
349 784 399 844 isla
417 785 590 847 detrimenta
604 784 684 845 sunt:
698 787 747 846 illa
761 786 868 849 nostra.

175 861 208 922 A
231 883 295 923 rum
316 864 522 948 Campanum,
544 869 593 947 qui
613 887 703 946 quum
719 867 757 927 de
775 868 868 928 vesli-

175 961 199 1025 g
227 943 291 1004 ibus
312 946 509 1020 eximebatur,
528 964 561 1005 ut
578 947 712 1007 militibus
731 947 868 1027 daretur,

172 1039 278 1085 tamen
305 1027 395 1110 infligi
414 1048 554 1110 magnum
576 1027 740 1108 reipublicae
762 1029 867 1088 vulnus

171 1104 369 1189 putabamus3
385 1109 463 1168 bunc
481 1125 513 1168 tu
530 1107 781 1188 compranbribus
794 1111 867 1184 tuis,

172 1184 211 1245 'bt
234 1186 420 1249 collusoribus
439 1187 613 1251 dividebas}
625 1189 733 1248 mimos
749 1189 817 1248 dico

169 1265 301 1341 mimas,
319 1267 416 1329 Patres
434 1267 609 1360 conscripti,
630 1270 660 1329 in
680 1288 751 1350 agro
772 1266 867 1330 cam-

169 1364 254 1487 pano
271 1349 441 1410 collocatos.
454 1349 540 1429 Quid
551 1370 610 1427 jam
620 1367 724 1431 querar
737 1350 776 1410 de
790 1370 863 1430 agro

202 1429 324 1488 eontino
343 1429 359 1491 i
379 1429 618 1512 quandoquidem
640 1429 686 1488 lrae
712 1432 863 1511 quondam

171 1509 320 1570 arationes
329 1554 341 1583 ,
356 1508 511 1591 Campana
527 1511 561 1571 dt
578 1509 744 1584 Leontina,
755 1513 786 1570 itt
804 1514 864 1591 po'-

168 1587 381 1729 &Romani
399 1592 576 1673 patrimonio
589 1590 688 1672 grmdi
702 1589 818 1651 foenore
830 1592 863 1652 ἃ

197 1674 202 1683 ’
249 1668 325 1729 uosae
349 1669 526 1732 serebantur.
551 1670 671 1731 Medico
696 1673 749 1730 tria
775 1671 864 1731 millia

169 1744 329 1831 ittgettllm3
351 1752 459 1832 quidsi
477 1768 506 1811 te
527 1749 625 1813 sanum
643 1749 773 1812 fecisset?
792 1752 863 1812 rhe-

171 1831 231 1890 tori
242 1829 329 1903 ,du03
350 1831 420 1914 quid
437 1834 459 1891 si
475 1848 506 1892 te
522 1831 659 1892 disertum
679 1831 777 1892 facere
800 1854 861 1913 po-

167 1907 284 1971 tuisset?
296 1910 357 1973 Sed
372 1912 409 1972 ad
425 1913 499 1987 iter,
513 1910 685 1992 Italiamque
696 1911 859 1974 redeamus.

213 1987 279 2051 XL.
289 1990 442 2054 Deduxisti
452 1993 601 2054 coloniam
611 1990 859 2075 Casilinum‚qub

169 2067 269 2132 Cesar
281 2073 348 2135 atttd
366 2073 535 2153 deduxerat.
557 2071 729 2134 Consuluisti
744 2094 791 2135 me
805 2095 859 2155 per

169 2150 282 2212 litteras
304 2153 343 2215 de
367 2152 413 2216 Ca
434 2175 472 2214 ua
492 2169 524 2214 tu
544 2154 684 2236 quidem:
705 2153 756 2215 sed
777 2155 858 2215 idem

171 2231 211 2293 de
235 2230 363 2296 Casilino
378 2175 583 2316 respondissem
602 2255 611 2294 τ
630 2232 761 2316 possesne
775 2235 857 2325 ,ubi

166 2311 290 2374 colonia
310 2313 409 2390 esset,
434 2317 471 2376 eb
490 2317 640 2376 coloniam
661 2336 772 2375 novam
791 2335 859 2390 Jute

167 2391 328 2456 deducere.
346 2394 480 2479 Negavi,
491 2398 524 2456 in
538 2415 604 2457 eam
615 2396 856 2477 coloniamque

166 2471 242 2550 edet
253 2473 396 2556 auspicato
414 2476 556 2550 deduiia,
572 2477 641 2537 dum
655 2474 727 2538 effet
742 2477 857 2536 incolu-

166 2557 226 2615 mis
234 2599 246 2629 ,
261 2557 409 2618 coloniam
422 2578 531 2618 nouam
547 2555 610 2636 jure
629 2557 750 2617 deduci:
769 2556 855 2615 colo*

166 2654 226 2697 uos
242 2652 342 2698 'novos
357 2636 477 2699 adscribi
489 2637 571 2720 polle
587 2635 725 2717 rescripsit
743 2634 792 2694 Tu
804 2655 855 2694 au·

166 2732 230 2778 tem
251 2716 403 2780 insolentia
422 2719 536 2793 elatus,
563 2719 643 2778 omui
662 2715 853 2795 auspiciorum

166 2794 230 2880 jure
249 2798 366 2860 turbato
384 2844 394 2875 ,
415 2798 576 2861 Casilinum
593 2796 740 2858 coloniam
758 2793 854 2855 dedu·-

166 2876 251 2952 xisti,
268 2881 328 2962 qub
345 2895 427 2955 erat,
445 2881 544 2962 paucis
561 2879 641 2939 annis
657 2875 723 2947 anti
739 2874 851 2971 deduc·

166 2975 220 3036 tea
236 2960 428 3026 rit-vexillum
439 2961 582 3036 tolleres-5
594 2960 627 3024 dt
647 2973 773 3021 aucun
789 2972 850 3020 cu*
