2125 3784
291 338 601 410 P'mntnnzcn
635 335 762 415 XIII.
798 347 879 438 447

191 450 313 527 tuiffet,
340 460 439 515 'tamen
460 476 549 516 unum
570 458 610 518 nb
631 458 688 520 hoc
707 457 814 522 fastum
831 460 881 522 di·

188 552 280 619 gnum
301 534 381 595 illum
402 540 484 596 omni
503 538 591 618 poeni
610 555 752 619 putarem.
773 539 850 601 Nam
866 536 883 615 ,’

189 618 214 676 si
236 614 297 698 ipse
319 614 426 676 servire
450 633 593 698 poterat,
617 619 701 679 nobis
727 620 879 682 dominum
927 680 930 685 .

188 717 242 757 cut
259 698 300 757 im
343 696 453 758 nebat?
476 697 530 772 &‚
547 700 572 757 si
590 696 652 778 ejus
669 702 790 781 pueritia
809 721 880 783 per·

186 777 296 838 tulerat
317 776 440 839 ibidinea
459 798 582 852 eorum,
640 779 750 840 ierant
765 783 795 840 in
810 800 879 842 eum

185 859 335 940 tyranni,
353 860 480 920 etiamne
499 861 529 920 in
553 880 593 920 no
633 881 667 921 os
690 861 798 922 liberos
823 861 880 921 do·

186 938 302 999 minum
318 939 352 1000 &
405 960 525 1000 rannnm
543 940 756 1023 comparabat?
775 939 884 1024 ltaque

186 1019 240 1080 iilo
266 1018 372 1080 inteife
401 1042 420 1081 o
438 1066 448 1093 ‚
468 1021 585 1102 qualem
609 1041 677 1084 eum
694 1021 751 1085 effe
768 1025 799 1085 in
822 1043 877 1084 nos

188 1098 304 1174 voluit,
318 1101 383 1160 talis
399 1101 458 1183 ipse
474 1103 505 1161 in
520 1119 634 1162 ceteros
651 1105 766 1164 exstitit.

233 1179 279 1241 18.
307 1179 377 1260 Qua
407 1183 486 1242 enim
513 1184 544 1241 in
570 1181 701 1243 barbaria
727 1181 876 1266 quisquam

187 1274 249 1323 tam
267 1277 363 1336 teter,
382 1278 443 1322 tam
462 1261 585 1321 crudelis
604 1278 766 1342 tyrannus,
788 1263 876 1346 quim

188 1342 217 1400 in
248 1342 302 1401 hac
330 1342 402 1402 urbe
427 1341 513 1401 annis
543 1341 733 1402 barbatorum
759 1341 876 1424 stipatus
974 1357 981 1366 ’

188 1420 367 1483 Antonius?
397 1420 510 1482 Caesate
537 1420 708 1482 dominante
735 1422 877 1483 venieba-

187 1516 251 1564 mus
270 1504 301 1563 in
319 1501 468 1576 senatum,
487 1503 510 1562 si
530 1523 593 1562 non
614 1502 725 1574 libere,
745 1519 874 1563 attamen

186 1584 271 1645 tutu:
294 1583 351 1645 hoc
368 1582 538 1664 archipirata
560 1579 660 1664 (quid
681 1585 759 1643 enim
780 1582 875 1642 dicam

185 1663 337 1745 maranno?
349 1663 363 1747 )
375 1665 438 1724 haec
450 1662 580 1724 subsellia
595 1662 630 1723 ab
644 1660 770 1743 Ithyreis
786 1682 876 1723 occu·

185 1745 339 1839 pabantnt.
362 1742 497 1826 Prorupit
515 1743 608 1804 subita
624 1743 826 1818 Brundisium,
841 1760 874 1804 ut

185 1825 275 1899 unde,
289 1827 405 1909 agmine
418 1824 560 1908 quadrato
580 1823 616 1884 ad
628 1824 731 1885 urbem
749 1823 875 1885 accede·

185 1920 250 1968 tet:
274 1906 461 1968 lautissimum
480 1906 644 1988 oppidum,
658 1923 735 1965 nunc
748 1906 875 1965 munici-

185 1986 287 2068 pium,
304 1986 570 2049 honestissimornm
583 1986 732 2068 quondam
750 1985 879 2067 colono·-

186 2087 269 2142 rum,
282 2063 428 2141 Suessam,
439 2067 664 2129 fortissimorum
675 2068 800 2128 militum
811 2065 881 2138 san·x

186 2149 273 2231 gnine
294 2149 452 2230 implevit:
480 2146 623 2208 Brundisii
644 2151 675 2208 in
693 2150 785 2222 sinu,
809 2169 871 2210 non

185 2228 280 2291 modb
299 2231 490 2301 andnima,
503 2225 555 2289 sed
568 2230 657 2289 etiam
667 2228 872 2290 crudelissimae

185 2311 304 2386 uxoris,
324 2310 452 2372 deleant
479 2309 594 2369 Martiae
620 2309 742 2389 legionis
769 2325 873 2369 centu·

184 2392 307 2465 tiones,
325 2389 480 2452 trucidavit
498 2409 506 2448 t
530 2387 600 2448 inde
618 2386 648 2447 se
667 2406 726 2468 quo
744 2383 873 2462 surore,

226 2493 246 2533 ο
264 2470 369 2533 ardore
384 2516 394 2545 ,
413 2469 451 2530 ad
469 2468 573 2530 urbem
588 2513 600 2540 ,
620 2467 651 2527 id
671 2464 713 2527 est
727 2511 737 2540 ,
758 2467 796 2527 ad
814 2488 872 2527 cae·

208 2573 256 2614 em
272 2574 291 2613 o
315 2552 377 2612 timi
393 2547 476 2626 cujus
491 2568 528 2608 ue
547 2546 699 2628 rapiebat?
718 2566 777 2625 quo
791 2564 874 2607 tem-

184 2652 260 2717 pore
285 2574 323 2693 iii
347 2569 525 2691 immortaiies
546 2628 602 2707 ipsi
626 2624 790 2709 praesidium
811 2627 872 2683 im-

185 2712 358 2796 provisum,
379 2707 622 2791 necopinantibus
645 2704 731 2767 nobis
754 2702 879 2767 obmle·'

185 2811 264 2857 mm·
