2125 3784
793 375 948 458 ‘140
1241 365 1692 437 Oxarte

789 478 1016 554 nosset,
1056 477 1159 538 vel
1194 479 1328 560 quia
1380 500 1502 541 non
1553 477 1780 551 noss'e't,
1822 489 1981 541 cont«

731 596 737 601 -
792 577 901 621 ret.
941 558 1186 620 Addidit
1209 561 1382 635 etiam
1416 559 1597 634 illud,
1641 561 1868 640 equites
1902 582 1981 620 no

793 644 971 713 timos
1023 636 1254 699 misiss'e.
1308 639 1601 714 Veteres,
1655 638 1880 713 crede,
1931 639 1981 702 C

793 718 937 780 nihil
971 719 1045 779 ad
1076 727 1239 778 tuum
1275 722 1627 800 equitatum:
1654 719 1753 780 sed
1783 722 1944 781 misit
1973 748 1981 774 ε

798 807 946 882 quos
979 799 1210 875 habuit,
1241 798 1479 859 elee'tos.
1525 799 1626 860 Ait
1658 797 1857 864 nescio
1936 821 1981 861 u·

805 901 881 941 eo
921 900 1166 940 numero
1220 878 1453 940 servum
1493 876 1837 959 judicatum.
1969 905 1981 938 ι

797 960 1020 1021 bitror:
1054 981 1177 1020 non
1220 960 1453 1020 audivi:
1490 959 1589 1021 sed
1636 962 1695 1020 in
1741 978 1859 1033 e0‚·
1911 977 1981 1021 et:

799 1039 1123 1120 accidisset,
1161 1041 1391 1121 culpam
1427 1042 1579 1123 regis
1616 1039 1835 1101 nullam
1871 1039 1981 1101 fuis

805 1121 1070 1184 bitrarer.
1711 1188 1717 1195 ,
1870 1184 1878 1192 ,

882 1199 1004 1261 IX.
1028 1199 1243 1260 Alieno
1272 1214 1463 1262 autern
1490 1222 1524 1260 a
1548 1212 1607 1261 te
1624 1201 1819 1261 animo
1842 1197 1976 1261 fuit.

801 1279 1039 1342 modo?
1088 1279 1356 1360 Speravit
1385 1326 1405 1354 ‚
1452 1281 1631 1342 credo
1656 1325 1681 1352 ,
1738 1278 1981 1342 difficile.

807 1359 1178 1424 Alexandriae
1217 1359 1345 1419 fore
1399 1363 1580 1420 exitus
1628 1376 1867 1441 propter
1928 1381 1981 1421 re

805 1456 1067 1502 naturam
1087 1483 1106 1512 ‚
1140 1441 1203 1498 &
1232 1440 1500 1500 fluminiS.
1535 1441 1621 1499 At
1652 1459 1730 1500 eo
1754 1440 1878 1520 ipso
1907 1455 1981 1501 tel

806 1522 1113 1602 pecuniam
1136 1519 1292 1578 dedit
1313 1539 1331 1592 ;
1357 1521 1679 1580 exercitum
1696 1515 1867 1590 aluit3
1891 1522 1947 1580 ei
1963 1562 1981 1591 ‚

808 1598 968 1661 Asiae
1007 1598 1387 1679 praefeceras,
1432 1600 1587 1660 nulla
1611 1601 1673 1659 in
1710 1619 1774 1660 re
1812 1598 1981 1659 defui⁴

806 1679 1016 1740 νίξὶοτί
1058 1699 1175 1736 non
1212 1677 1397 1738 solum
1434 1680 1510 1739 ad
1559 1677 1870 1758 hospitium
1900 1723 1921 1752 ,
1959 1679 1981 1739 i

854 1757 1127 1819 ericulum
1164 1753 1337 1817 etiam
1357 1803 1377 1834 ,
1414 1776 1586 1841 atque
1620 1758 1697 1819 ad
1745 1759 1934 1819 aciem
1969 1781 1981 1842 1

879 1855 946 1899 it.

913 1936 1009 1998 25.
1056 1916 1331 1978 Secutum
1383 1914 1465 1978 est
1519 1917 1737 1979 bellum
1787 1917 1981 1980 Africa

854 2019 1019 2058 raves
1067 1999 1141 2058 de
1186 2015 1247 2059 te
1291 2018 1552 2059 rumores
1602 1997 1820 2081 sparsi3
1863 2001 1965 2081 qui

809 2020 1084 2138 furiosum
1104 2079 1264 2138 illum
1284 2077 1579 2142 Caecilium
1603 2080 1981 2140 excitaverunt

810 2175 936 2218 tum
977 2179 1080 2218 rex
1118 2162 1311 2218 animo
1348 2157 1497 2218 fuit?
1538 2161 1636 2238 qui
1670 2157 1981 2219 au&ionatt

809 2237 1043 2319 seseque
1074 2233 1387 2320 exspoliare
1414 2239 1678 2299 maluerit
1696 2283 1715 2314 ‚
1750 2239 1927 2321 quium
1947 2243 1981 2300 ti

813 2321 1038 2379 cuniam
1064 2341 1185 2379 non
1218 2317 1653 2380 subministrare.
1692 2319 1776 2380 At
1804 2341 1880 2381 eo
1901 2365 1920 2394 ,
1952 2323 1981 2390 ii

812 2415 1082 2480 ternpore
1114 2392 1234 2491 ipso
1271 2398 1527 2458 Nicaeam
1548 2441 1567 2471 ‚
1608 2399 1979 2496 Ephesumqu

816 2481 976 2542 tebat
997 2524 1016 2550 ,
1054 2500 1153 2560 qui
1175 2498 1436 2538 rumores
1466 2478 1775 2541 Africanos
1809 2500 1981 2562 exctp

815 2557 884 2620 &
919 2561 1181 2620 celeriter
1212 2557 1285 2616 ad
1311 2558 1369 2618 se
1410 2558 1727 2620 referrent:
1767 2561 1965 2642 itaque

817 2638 956 2701 effet
1002 2641 1057 2700 ei
1106 2641 1424 2698 nuntiatum
1456 2684 1475 2711 ,
1516 2638 1847 2700 Domitium
1885 2662 1981 2701 nat

816 2717 1040 2854 Beriisfe
1070 2763 1090 2791 ‚
1136 2737 1196 2779 te
1236 2722 1295 2778 in
1341 2719 1574 2779 castello
1630 2721 1981 2783 circumside:

889 2800 1091 2858 omitio
1128 2799 1299 2877 ‚dixit
1360 2799 1588 2860 versum
1644 2799 1916 2863 Graecum
1976 2832 1981 2855 ι

818 2870 1093 2938 sententia
1110 2923 1135 2952 ,
1182 2879 1296 2961 qua
1328 2881 1503 2941 etiam
1541 2900 1653 2943 nos
1691 2880 1973 2945 habemus

476 3298 857 3448 ,ἢ
