2125 3784
305 324 629 397 Parrrarrcr
671 322 764 395 VII.
801 344 883 421 337¹

184 438 349 502 mutatione
367 438 508 501 fallamur.
520 469 523 475 ·
534 438 647 504 Omnia
662 440 765 505 fecerit
785 460 880 521 opor-

186 534 233 581 tet
250 541 346 600 ‚-quae
367 519 518 581 interdidta
540 521 759 595 &denuntiata
783 517 847 587 sunt
868 564 881 595 ‚

186 602 267 681 prius
295 599 383 680 quim
410 600 519 680 aliquid
549 599 702 682 postulett
729 601 880 675 Brutum,

188 681 408 762 euerritumque
431 678 494 760 ejus
519 701 716 764 oppugnaret,
736 681 821 750 urbes
835 680 881 747 ’δι

186 780 276 843 egros
320 763 457 825 rovinciae
478 758 582 827 Galliae
602 761 737 843 populari
757 759 881 823 destite-

187 844 241 901 rit:
268 783 318 900 ad
328 841 448 902 Brutum
473 841 601 901 adeundi
623 843 727 924 legatis
749 839 880 923 potestav,

185 937 251 980 tem
267 920 369 982 fecerit
379 943 389 994 ;
415 923 573 983 exercitum
597 925 667 984 citra
683 924 794 986 flumen
814 919 880 981 Ru-

185 1001 328 1065 biconem
349 1001 515 1075 eduxerit,
539 1023 594 1064 nec
621 1005 743 1084 propius
775 1002 880 1065 urbem

184 1083 278 1146 millia
315 1079 422 1143 assuurn
439 1082 564 1143 ducenta
582 1082 746 1144 admoverit
764 1101 772 1141 t
791 1081 887 1144 fuerit

183 1162 222 1223 δι
243 1163 274 1221 in
289 1104 427 1237 duatus,
450 1164 482 1222 &
499 1164 528 1221 in
548 1164 650 1243 populi
669 1162 797 1223 Romani
818 1184 877 1243 po·

183 1238 301 1308 testate.
327 1243 400 1304 Haec
422 1244 444 1300 si
461 1241 585 1314 fecerit,
608 1245 662 1302 erit
684 1245 795 1324 integra
819 1264 878 1323 po·

183 1320 275 1383 testas
285 1324 370 1384 nobis
383 1321 563 1382 deliberandi
575 1341 583 1380 :
598 1325 621 1381 si
633 1321 742 1383 senatui
754 1343 815 1382 non
824 1343 878 1403 pa·

184 1406 302 1478 tuerit,
323 1425 384 1472 non
403 1402 444 1472 illi
463 1402 600 1474 senatus,
622 1399 673 1465 sed
691 1401 740 1464 ille
762 1403 877 1488 populo

186 1481 329 1547 Romano
343 1483 457 1544 bellum
472 1482 617 1544 indixerit.

232 1583 281 1640 27.
302 1563 363 1636 Sed
376 1585 432 1627 uos
449 1582 582 1635 moneo,
600 1560 697 1622 Patres
712 1559 867 1642 conscripti

185 1637 308 1706 libertas
332 1645 424 1725 agitur
450 1642 554 1723 populi
570 1640 703 1710 Romani
722 1686 732 1715 ,
751 1638 878 1725 quaeest

189 1723 402 1785 commendata
414 1723 500 1789 vobis
508 1743 518 1796 ;
537 1724 598 1782 vita
615 1723 648 1793 δι
660 1721 784 1793 fortunae
798 1723 889 1802 opti-·

187 1806 231 1866 mi
251 1801 418 1885 cujusque,
442 1805 502 1883 qub
523 1801 713 1882 cupiditatem
734 1801 888 1866 infinitam.

188 1897 258 1946 cum
270 1885 388 1946 immani
402 1882 572 1960 crudelitate
587 1880 761 1964 jampridem
780 1882 878 1955 inten-

188 1964 233 2024 dit
260 1964 406 2031 Antnnius
427 1961 613 2036 aaudoritas
638 1961 733 2024 vestra
749 1958 875 2049 ,quam

187 2044 297 2107 nullam
313 2042 473 2118 habebitis,
488 2044 791 2115 nisi-nunetenue'ritir
802 2048 813 2103 ’τ
828 2060 876 2106 te·

186 2141 263 2193 tram
282 2126 314 2187 ὃ(
332 2121 496 2205 pestiferam
512 2124 661 2201 belluam,
679 2126 717 2215 tre
735 2123 875 2194 inclusam

189 2206 225 2266 δι
250 2203 428 2272 constridam
451 2205 599 2270 dimittatis
618 2212 732 2270 cavete.
757 2203 805 2267 Te
828 2205 875 2286 ip·

188 2285 280 2360 sum,
304 2285 418 2359 Pansa,
440 2306 550 2348 moneo
575 2284 783 2366 (quamquam
810 2305 873 2350 nou

187 2386 260 2449 eges
279 2366 426 2439 consilio,
443 2387 502 2447 quo
521 2364 601 2426 vales
619 2366 774 2446 plurimum
789 2384 799 2436 ;
822 2381 873 2425 ta·

188 2467 259 2514 men
281 2449 367 2512 etiarn
380 2444 481 2515 surnrni
493 2447 702 2529 gubernatores
719 2447 749 2510 in
761 2446 874 2526 magnis

186 2524 404 2608 ,tempestatibus
427 2549 444 2586 a
465 2525 631 2587 redonibus
649 2525 801 2586 admoneri
821 2523 874 2585 so-

188 2605 289 2691 lent)
313 2608 389 2666 hunc
418 2622 530 2664 tanturn
559 2621 641 2665 tuum
669 2620 839 2689 apparatum
861 2620 875 2676 ,·

187 2705 308 2768 tamque
322 2685 490 2767 praeclarum
500 2703 538 2743 ne
552 2684 589 2743 ad
606 2683 726 2744 nihilum
743 2683 873 2753 recidere

186 2771 309 2864 patiare,
325 2766 460 2847 Tempus
475 2763 566 2835 habet
579 2763 659 2840 tale,
677 2763 762 2855 quale
784 2782 874 2832 nemo

232 2853 334 2925 Tantus
354 2855 385 2914 V
384 2849 403 2909 1
407 2848 433 2915 1,
520 2870 523 2877 ·
750 2841 776 2915 Ρ.
