2125 3784
357 398 457 452 nno
483 381 697 453 Minore.
820 390 873 475 'qr'

191 514 271 570 ntus,
284 514 321 558 ex
331 516 369 559 eo
381 497 528 580 possumus
539 542 549 570 ,
559 497 640 579 qubd
651 496 807 580 respublica
818 519 876 559 nos

191 575 340 654 conjunxit
355 600 423 638 cum
438 580 546 651 bonis,
559 581 705 658 exquibus
720 579 768 639 ille
783 597 875 659 quum

189 660 318 737 optimos
335 661 418 719 viros
438 658 570 754 legeret,
589 659 674 738 idque
694 660 817 720 maxime
834 657 875 719 ad

183 735 274 798 fidem
303 737 385 798 suam
413 755 556 821 pertinere
580 738 783 814 arbitraretur,
810 759 874 801 non

183 820 287 898 potuit·
308 819 408 900 legere
426 841 485 881 non
504 817 642 881 studiosos
663 823 733 881 mei.

224 917 278 957 22.
307 897 399 977 Qubd
422 901 495 961 verb
519 916 570 974 te,
591 899 626 961 L.
639 899 777 974 Domiti,
805 900 872 961 huic

184 977 337 1056 quaestioni
365 979 478 1059 praeelle
492 981 630 1047 ‚maxime
655 981 772 1054 voluit,
803 980 875 1040 nihil

185 1060 320 1136 quaesivit
333 1058 429 1137 aliud,
446 1062 500 1120 nisi
513 1057 668 1138 justitiam,
690 1062 877 1143 gravitatem,

183 1135 417 1212 humanitatem,
433 1139 522 1201 fidem
531 1161 543 1200 ε.
551 1141 636 1211 tulit,
650 1158 681 1200 ut
695 1136 876 1201 consularem

186 1217 302 1278 necelle
318 1218 531 1294 eilet3credo‚
564 1220 624 1280 uod
661 1223 803 1300 rincipum
817 1240 877 1279 mu·

186 1318 242 1356 nus
260 1296 316 1360 elle
328 1299 472 1373 ducebar,
486 1241 617 1362 resiliere
679 1301 788 1361 levitati
800 1299 879 1359 mul-

187 1376 336 1454 titudinis,
361 1381 393 1442 &
418 1381 601 1462 perditorum
629 1382 809 1441 temeritati:
838 1400 876 1441 ex

184 1457 377 1521 consularibus
390 1477 421 1522 te
436 1462 548 1522 creavit
566 1463 748 1542 potissimum
760 1481 770 1533 ·,
781 1459 876 1520 dede-

182 1559 228 1597 ras
254 1542 354 1612 enim,
378 1539 469 1620 quim
493 1558 699 1601 contemneres
721 1540 881 1619 populares

183 1617 330 1689 insanias,
351 1617 414 1696 'qam
435 1619 471 1677 ab
492 1618 688 1681 adolescentia
704 1618 880 1679 documenta

188 1699 331 1757 maxima.

195 1844 199 1849 ,
228 1775 243 1836 1
248 1775 289 1837 X.
301 1775 525 1856 Quamobrem,
536 1775 669 1850 ludices,
680 1777 879 1860 utaliquando

186 1855 225 1919 ad
243 1856 377 1930 causam,
390 1859 498 1918 crimen
520 1860 734 1925 deveniamus:
747 1862 875 1940 sineque

186 1939 285 1997 omnis
298 1936 445 1998 consessio
467 1877 533 1997 sadi
547 1935 588 1997 est
604 1939 738 1997 inusitata
752 1959 762 2011 ;
779 1950 878 2018 neque

188 2017 227 2076 de
247 2017 328 2078 causa
350 2016 506 2100 quidquam
527 2015 623 2076 nostra
642 2017 745 2090 aliter,
767 2039 801 2077 ac
821 2038 877 2081 nos

186 2097 351 2170 vellemus,
369 2120 387 2158 a
403 2096 500 2159 senatu
519 2094 677 2176 judicatum
695 2095 759 2171 est;
783 2099 815 2160 &
832 2099 875 2160 la·

187 2195 235 2238 tor
257 2177 317 2259 ipse
345 2178 444 2259 legis,
473 2199 564 2259 quum
587 2176 655 2238 ellet
674 2183 876 2241 controversia

188 2257 268 2318 nulla
277 2258 359 2332 sadi,
369 2256 436 2338 juris
454 2275 552 2318 tamen
567 2257 803 2339 disceptationem
816 2259 878 2321 elle

187 2339 304 2411 voluit3
321 2339 353 2398 &
372 2337 455 2399 eledli
466 2337 596 2417 judices,
612 2342 692 2419 isque
704 2343 878 2419 praepositus

188 2417 360 2499 questioni,
378 2420 427 2500 qui
443 2417 504 2480 baec
516 2415 588 2498 juste
604 2416 803 2500 sapienterque
815 2419 874 2480 dis·

190 2516 287 2578 ceptet
300 2519 307 2558 ε
324 2500 464 2579 reliquum
476 2497 516 2559 est
526 2545 538 2574 ‚
548 2499 564 2560 J
566 2499 681 2574 udices,
692 2518 724 2559 ut
734 2500 803 2560 nihil
815 2497 877 2576 jam

192 2579 271 2639 aliud
289 2599 416 2658 quarere
429 2579 579 2653 debeatis,
594 2583 646 2639 nisi
662 2598 725 2640 utet
737 2583 792 2639 utri
802 2579 877 2636 insi-

190 2658 253 2721 dias
273 2656 372 2719 fecerit
384 2680 391 2718 z
404 2659 484 2740 quod
501 2661 560 2740 quo
573 2658 680 2718 facilius
698 2658 878 2738 argumentis

188 2737 353 2883 perspicere
365 2742 497 2820 possitis,
513 2759 577 2800 rem
589 2737 697 2820 gellam
706 2737 791 2796 vobis
804 2736 875 2799 dum

192 2820 318 2963 dperiter
336 2840 477 2903 expono,
494 2817 589 2904 quaeso
608 2816 760 2900 diligenter
777 2834 876 2881 atten-

223 2916 267 2963 lea
