2125 3784
270 245 594 321 urrunnu
631 248 707 325 XI.
755 262 834 350 397

140 361 214 424 hta
239 380 332 444 putat.
357 363 443 427 Alter
457 365 573 440 Caesar,
598 365 740 448 Vopiscus
759 370 835 445 ille,

144 441 243 505 homo
262 443 382 505 summo.
393 451 534 529 ingenio,
551 446 659 509 summa
678 451 834 530 potentii,

147 528 199 605 qui
218 545 255 584 ex
278 525 413 589 aedilitate
433 525 610 591 consulatum
625 532 719 608 petita
737 530 837 592 solva·
958 589 960 592 .

145 620 195 664 tur
208 605 340 686 legibus:
354 627 528 689 quamquam
545 607 626 690 leges
637 626 704 668 eum
715 631 776 670 non
788 628 834 672 te·

145 703 220 766 nent
237 706 247 759 3
269 702 390 766 propter
408 690 564 761 eximiam,
580 689 689 762 credo,
706 689 835 771 dignita&

145 781 222 829 tem.
245 765 288 826 At
304 767 370 841 hic,
385 788 438 829 me
462 766 662 843 defendente,
681 772 834 852 quinquies

144 846 294 908 absolutus
313 845 373 907 est:
387 849 466 909 sexta
480 849 576 931 palma
595 851 726 923 urbana,
745 853 835 912 etiam

138 930 179 988 in
200 927 358 1010 gladiatore
383 928 515 990 difficilis.
546 929 607 991 Sed
626 932 687 991 haec
703 929 835 1009 judicum

139 1009 252 1089 culpa,
271 1029 331 1069 non
348 1029 414 1071 mea
427 1009 468 1070 esi
479 1031 485 1069 :
498 1029 555 1092 ego
571 1009 690 1072 defendi
706 1009 765 1073 side
779 1033 835 1093 op-

139 1084 235 1149 timi:
250 1089 290 1149 illi
306 1089 468 1151 debuerunt
486 1090 674 1151 clarissimum
693 1091 726 1152 δι
753 1113 833 1173 prae·-

138 1167 346 1229 -slantissimum
355 1170 518 1230 senatorem
529 1172 559 1229 in
570 1172 686 1232 civitate
698 1174 832 1233 retineres

100 1264 108 1273 ·
140 1251 196 1331 qui
206 1266 305 1311 tamen
325 1272 400 1311 nunc
419 1248 581 1310 nihilaliud
599 1269 683 1331 agere
699 1251 833 1327 videtur,

126 1333 200 1391 misi
214 1349 245 1391 ut
257 1331 466 1413 intelligamus,
480 1327 567 1401 illos,
585 1350 711 1410 quorum
727 1352 773 1393 res
789 1329 833 1412 ju·

116 1411 254 1483 „dicatas
273 1413 365 1471 irritas
392 1410 534 1483 fecimus,
556 1407 635 1471 bene
653 1410 723 1471 &e
742 1415 832 1492 repu-

86 1495 107 1547 -'
140 1491 220 1555 blica
235 1489 413 1571 judicavisse.
621 1566 623 1568 q
819 1544 823 1553 .

137 1604 143 1635 .·
188 1591 236 1632 ιι.
257 1570 364 1653 Neque
382 1572 442 1632 hoc
464 1571 495 1630 in
518 1569 576 1631 hoc
599 1585 659 1631 uno
682 1567 744 1633 est:
767 1569 833 1633 sunt

135 1653 193 1717 alii
209 1655 240 1715 in
257 1650 365 1713 eisdem
380 1649 474 1712 castris
490 1649 611 1712 honeste
625 1652 831 1728 condemnati,

140 1735 267 1816 turpiter
284 1730 414 1794 restituti.
430 1731 526 1812 Quod
542 1733 646 1793 horum
661 1731 830 1807 eonsilium,

165 1817 194 1875 ui
217 1812 350 1874 omnibus
371 1814 457 1874 bonis
477 1809 573 1873 hostes
599 1811 683 1886 sunt,
697 1814 753 1872 nisi
766 1833 831 1874 crus

134 1834 322 1957 -flelissimutn
332 1897 436 1975 putatis
447 1892 532 1954 sore?
544 1890 671 1954 Accedit
680 1891 754 1954 Saxa
763 1898 832 1953 nes'·

87 2011 102 2021 ·
142 1978 191 2036 cio
235 1978 297 2049 uis,
321 1996 410 2057 quem
430 1974 516 2035 nobis
542 1972 639 2035 Caesat
663 1992 700 2034 ex
727 1972 829 2036 ultima

144 2055 224 2118 Celti
247 2057 305 2117 etia
324 2057 470 2116 tribunum
488 2054 583 2137 plebis
602 2053 701 2130 dedit,
718 2052 831 2132 castrog-

141 2145 208 2201 'rum
218 2144 304 2199 antea
322 2145 468 2208 metator,
485 2156 583 2208 nunc,
603 2152 636 2197 ut
652 2133 766 2216 sperat,
780 2157 831 2201 ιιι-Ι

139 2218 210 2292 isin
226 2241 244 2279 a
259 2228 316 2299 qua
336 2239 425 2300 quum
443 2219 481 2276 sit
494 2215 628 2287 alienus,
647 2213 699 2275 suo
718 2217 831 2295 capiti,

136 2297 227 2363 -salvis
239 2299 347 2375 nobis,
364 2300 523 2360 ominetur.
541 2293 620 2357 Cum
637 2295 696 2357 hoc
710 2308 832 2356 vetera·

136 2400 198 2440 nus
212 2376 339 2461 Caph03
355 2400 414 2461 quo
434 2379 583 2439 neminem
597 2376 733 2438 veterani
741 2373 841 2456 pejus

143 2461 280 2522 oderunt.
302 2458 375 2531 His,
386 2460 465 2539 quasi
482 2473 588 2537 praeter
601 2457 724 2528 dotem,
779 2476 829 2515 am

136 2541 172 2602 in
184 2540 314 2602 civilibus
324 2538 405 2598 malis
416 2552 608 2616 acceperant,
625 2555 725 2616 agrum
782 2555 831 2594 tn·

141 2642 251 2703 panum
266 2617 306 2682 esi
322 2618 439 2700 largitus
450 2614 621 2689 Antonius,
636 2633 670 2674 ut
687 2613 829 2675 haberent

139 2702 320 2783 reliquorum
342 2696 495 2760 nutriculas
510 2694 708 2839 praediorum:
724 2692 828 2774 quibus

132 2784 253 2845 utinam
267 2774 500 2845 contentieslent
539 2773 827 2863 tenementum,-
