2125 3784
269 274 346 377 360
390 274 447 342 ln
472 271 525 342 Μ.
550 270 863 351 Aurora-,uu

314 392 419 463 morbo
442 390 485 458 sit
497 384 691 479 profiffus,
716 400 792 457 no'n
810 390 839 459 ei
860 386 941 481 iusi}

313 485 422 560 aarum
444 485 515 579 ipsu
535 487 658 577 legatio
673 482 816 555 mortem
837 478 949 581 NJ

315 588 487 671 videntum
508 602 604 671 atque
618 582 660 651 in
683 580 945 674 haucsenttudfl

314 683 472 776 graviter,
497 677 637 759 amau,
667 680 806 769 copiose
827 676 947 769 disputa.

317 780 353 845 S.
373 778 412 845 C.
427 778 462 844 in
472 774 540 865 ejus
552 772 895 867 sententiamfhffiun
911 766 948 883 effe

316 898 407 943 exeo
420 871 635 964 perspicitur,
666 872 766 962 quud
775 872 948 961 Pompam

315 972 354 1039 dt
372 971 500 1063 Origine
510 967 598 1037 Iuris
620 967 739 1078 exstiti
766 992 782 1035 e
796 968 869 1058 ficu⁴
884 985 950 1035 nau

310 1092 372 1159 pro
402 1066 502 1164 rostris
525 1062 665 1160 Augusta
734 1086 852 1133 atuatn
883 1064 951 1133 illm

263 1155 267 1165 ¹
318 1161 428 1239 auflor
448 1162 499 1263 est.
522 1160 809 1241 MANUTIUS,

269 1356 296 1419 l.
313 1287 541 1430 Vennum,
563 1355 602 1418 dii
614 1346 809 1419 immortales
827 1354 950 1429 fedileutj

269 1437 369 1499 Patres
391 1437 572 1520 conscripti,
598 1454 630 1499 nt
652 1439 731 1500 vivo
759 1440 862 1520 potius
886 1436 949 1505 Serv.

269 1519 399 1600 Sulpicio
423 1521 526 1601 gratias
542 1538 718 1601 ageremus,
739 1518 833 1600 quim
852 1534 950 1585 mortun

270 1600 399 1662 honores
418 1620 620 1680 quaereremus.
648 1597 717 1659 Nec
743 1600 823 1661 verb
842 1598 949 1671 dubito,

268 1682 338 1761 quin
350 1724 360 1752 ,
372 1682 395 1738 si
412 1680 461 1738 ille
478 1680 523 1737 vir
540 1681 719 1761 legationem
735 1680 951 1759 renuntiarem·

269 1757 384 1832 millet,
402 1758 510 1819 reditus
523 1756 586 1836 ejus
600 1759 632 1817 &
643 1759 732 1818 nobis
749 1776 850 1841 gratus
866 1757 949 1830 fuerit,

271 1841 305 1901 δι
328 1840 491 1918 reipublicae
510 1837 635 1899 salutaris
658 1835 799 1899 futurus:
820 1860 880 1899 nou
904 1837 951 1919 qni

271 1920 307 1985 L.
330 1919 464 2000 Philippo
489 1920 521 1981 &
537 1920 573 1984 L.
591 1916 716 1994 Pisoni,
739 1936 791 1985 aut
817 1917 947 1991 studium,

268 2015 318 2068 aut
337 2020 404 2058 cura
422 1999 545 2061 defuerit
561 2002 590 2059 in
607 2015 690 2061 tanto
720 1998 846 2073 officio,
869 2014 951 2059 tanto·

268 2098 326 2160 que
347 2100 493 2144 munere:
514 2079 563 2142 sed
588 2100 679 2162 quum
705 2078 794 2141 Serv.
819 2078 870 2151 Sul
891 2081 949 2139 icius

269 2175 355 2220 aetate
377 2162 430 2219 illis
456 2164 606 2232 anteiret,
629 2159 772 2241 sapientiai
795 2100 948 2231 omullus,

268 2240 363 2302 subito
379 2257 522 2322 ereptuse
541 2240 641 2312 causa,
662 2256 759 2305 totam
779 2240 946 2324 legationem

269 2322 375 2382 orbam
387 2322 605 2385 &debilitatam
627 2321 755 2400 reliquit.

310 2421 340 2462 a.
364 2400 458 2481 Quod
474 2404 498 2461 si
513 2405 645 2482 cuiquam
658 2399 748 2480 justus
766 2402 866 2465 honos
878 2400 945 2462 habi·

267 2497 314 2545 tus
333 2480 374 2542 est
392 2484 421 2543 in
439 2500 535 2542 morte
553 2483 669 2563 legato,
684 2484 714 2540 in
735 2484 820 2543 nullo
840 2481 943 2563 justior,

267 2562 357 2644 quiam
373 2565 401 2621 in
419 2561 501 2625 Serv.
519 2561 648 2643 Sulpicio
668 2565 846 2644 reperietur.
868 2562 945 2624 Cete-

267 2646 292 2704 ri
306 2690 315 2717 ‚
331 2645 379 2724 qui
397 2644 425 2701 in
441 2642 589 2728 legatione
601 2659 726 2703 mortem
748 2644 904 2715 obierunt,¹
916 2638 947 2700 ad

239 2771 241 2779 ,
266 2726 407 2782 incertum
425 2725 493 2780 vitae
534 2725 669 2784 ericulum
688 2726 751 2799 sine
770 2724 834 2784 ullo
857 2723 949 2784 mortis

264 2818 347 2877 metu
362 2799 487 2889 paulelli
515 2821 566 2864 unt
583 2826 594 2880 ;
619 2804 704 2867 Serv.
725 2801 872 2889 Sulpicius
889 2821 948 2863 curn

863 2885 951 2967 aliqua

299 3154 472 3346 ἢ
