2125 3784
375 428 476 480 Pno
503 408 730 480 Minora.
830 420 879 504 '31

232 544 254 582 ae
262 521 345 584 vultu
356 523 492 586 &verbis
500 521 575 604 saepe
586 518 783 602 significaslent
788 565 799 592 ,
806 540 839 581 re
849 521 882 582 δι

192 543 337 665 scuntentiis
346 605 527 666 declararent
537 623 547 678 3
558 603 616 662 hoc
625 600 756 682 profedb
766 618 883 683 tempo·

191 704 224 744 re
235 704 301 744 eam
313 684 490 766 potestatem
500 702 621 745 omnem
634 683 830 756 turbaberis,
847 699 881 743 ut

190 762 438 839 statuatis‚utrum
448 765 576 846 nos,qui
582 762 697 844 semper
703 762 804 824 vestrae
814 784 882 823 auc·

189 848 303 905 toritati
314 845 404 908 dediti
413 844 658 923 suimus,semper
668 843 760 905 miseri
778 844 882 926 lugea-

189 945 276 999 mus;
289 947 326 988 an
342 927 389 988 diu
399 928 497 988 vexati
509 925 734 1008 aperditissimis
748 924 881 998 civibus,

190 1006 347 1087 aliquando
361 1027 414 1089 per
425 1030 500 1083 vos,
512 1030 547 1068 ac
561 1004 689 1068 vestram
702 1005 794 1066 fidem
802 1050 813 1080 ,
821 1008 882 1069 vir·

190 1103 301 1160 tutem,
316 1087 541 1170 sapientiamque
555 1107 730 1149 recreemur.

235 1185 262 1247 ς.
286 1167 369 1248 Quid
386 1172 466 1230 enim
478 1169 562 1230 nobis
581 1168 719 1243 duobus,
737 1167 881 1240 ludices,'

189 1246 383 1310 laboriosius?
404 1249 475 1331 quid
492 1269 539 1308 ma
560 1251 582 1306 's
595 1247 769 1324 sollicitum,
787 1269 834 1309 ma
856 1250 863 1263 '

191 1331 370 1403 exercitum,
389 1329 446 1390 dici
464 1346 512 1390 aut
528 1269 599 1411 sigrigi
616 1327 734 1410 potest?
755 1332 804 1411 qui
826 1269 881 1410 gd

189 1409 432 1488 amplissimorum
456 1429 642 1491 praemrorum
664 1409 701 1468 ad
720 1408 881 1492 rempubli-

188 1509 253 1548 cam
272 1490 409 1566 addutli,
427 1507 509 1552 metu
529 1490 792 1551 crudelissimorum
810 1489 880 1569 sup-

186 1569 341 1648 pliciorum
359 1591 458 1630 carere
470 1591 532 1630 non
546 1568 713 1648 postumus?
734 1569 879 1648 Equidem

187 1665 302 1708 ceteras
329 1648 518 1727 tempestates
544 1649 576 1707 &
600 1647 744 1727 procellas
771 1650 800 1706 in
825 1648 881 1708 illia

189 1729 331 1788 duntaxat
349 1727 479 1789 fluslibus
495 1729 671 1786 concionum
687 1726 801 1807 semper
819 1731 879 1809 pu-

186 1809 249 1869 tavi
267 1803 376 1869 Miloni
389 1806 447 1869 effe
460 1806 642 1881 subeundas,
663 1807 742 1888 quod
763 1807 878 1890 semper

186 1910 242 1977 pro
267 1889 352 1949 bonis
379 1905 479 1949 contra
500 1888 652 1968 improbos
674 1886 820 1948 senserat:
845 1911 875 1949 m

170 2045 171 2048 Ἴ
186 1969 297 2047 judicio
308 1968 401 2042 verb,
415 1970 449 2028 &
463 1970 493 2028 in
508 1988 545 2029 eo
559 1967 703 2040 consilio,
722 1970 751 2026 in
768 1989 826 2048 quo
840 1989 877 2029 ex
931 1972 934 1977 ’

188 2049 295 2108 cundis
320 2049 469 2127 ordinibus
493 2049 661 2128 amplissimi
683 2050 737 2108 viri
760 2045 876 2128 judica-

187 2148 270 2201 rent,
282 2150 351 2189 num
374 2151 440 2189 uam
452 2127 611 2189 existimavi
623 2127 703 2210 spem
717 2129 802 2189 ullam
815 2128 877 2192 esse'

186 2210 334 2269 habituros
353 2151 480 2271 ililonis
499 2212 651 2282 inimicos,
673 2210 709 2270 ad
728 2208 789 2288 ejus
809 2223 876 2273 norr'

186 2288 307 2351 salutem
326 2291 418 2351 modo
438 2288 694 2372 exstinguendam,
714 2289 873 2353 sedetiam

188 2371 311 2452 gloriam
327 2391 379 2452 per
396 2371 468 2431 tales
481 2373 561 2431 viros
577 2370 660 2432 infrin
683 2371 799 2431 endam.

228 2452 258 2512 6.
285 2450 473 2532 Quamquam
490 2454 521 2510 in
537 2453 591 2512 hac
606 2391 686 2511 caudi
702 2495 712 2524 ‚
730 2452 847 2512 ludices
860 2468 873 2525 ‚·

187 2529 228 2590 T.
256 2530 345 2608 Annii
369 2532 544 2607 tribunatu,
570 2530 710 2613 rebusque
735 2533 873 2591 omnibus

187 2631 243 2692 pro
263 2610 352 2671 salute
369 2613 531 2693 reipublicae
549 2611 633 2693 gestis
645 2655 654 2684 ,
666 2611 703 2669 ad
716 2610 800 2691 hujus
817 2613 874 2670 cri·

185 2693 272 2752 minis
297 2691 497 2754 defensionem
523 2713 586 2752 non
611 2691 762 2750 abutemur
783 2734 794 2763 ,
819 2692 873 2750 nisi

185 2775 278 2834 oculis
301 2773 430 2834 videritis
452 2772 567 2835 insidias
588 2771 697 2831 Miloni
719 2792 735 2830 a
760 2769 872 2833 Clodio

185 2852 243 2916 esse
258 2853 363 2927 saslas;
379 2873 434 2915 nec
451 2852 631 2934 deprecaturi
647 2849 760 2927 sumus,
771 2869 803 2913 ut
816 2855 871 2913 cri·

183 2955 255 3000 rnen
273 2935 330 2998 hoc
350 2935 435 2998 nobis
451 2934 541 2996 multa
551 2950 674 3017 propter
692 2935 827 3076 ppaeclara
840 2934 872 2992 iu

737 3037 769 3076 rr
