2125 3784
152 302 205 399 36
380 299 606 372 Onnrro

151 418 185 487 P.
204 415 303 480 Clodii
321 413 478 490 afferebat,
491 433 523 477 ut
537 438 615 477 nova
629 417 750 499 quaestio
769 433 841 487 cnna‘

151 499 323 560 stitueretur.
345 495 436 576 Cujus
451 499 528 556 eninr
540 498 577 558 de
588 499 639 559 illo
651 500 764 563 incesto
783 502 841 562 stu-

151 598 207 661 pro
227 577 365 658 judicium
389 579 564 638 decernendi
585 578 712 659 potestas
729 581 841 643 senatui

152 658 221 722 ellet
243 676 366 737 erepta3
389 659 425 719 de
439 655 501 736 ejus
520 662 637 720 interitu
657 664 720 742 quis
743 661 841 743 potest

151 739 271 800 credere
290 738 424 801 senatum.
434 736 572 817 judicium
593 762 706 802 novum
728 742 841 804 conili-
876 792 880 803 .

151 820 293 883 tuendum
315 817 455 901 putasse?
482 815 544 882 Cur
566 822 575 878 i
596 823 650 881 itur
671 823 841 887 incendium

151 904 255 974 curiae,
273 899 522 982 oppugnationem
537 840 643 962 «esium
656 901 704 962 M.
717 902 840 984 Lepidi,

152 982 265 1051 caedem
284 982 359 1041 hanc
378 979 491 1061 ipsam,
510 998 612 1041 contra
628 984 840 1062 rempublicam

151 1062 265 1126 senatus
285 1061 388 1121 saliam
408 1059 464 1121 elle
487 1059 639 1122 decrevit?
659 1061 739 1142 Quia
760 1065 840 1127 nulla

151 1148 197 1205 nis
216 1163 354 1238 umquam
370 1139 411 1202 est
426 1143 456 1201 in
470 1141 560 1201 libera
576 1143 694 1203 civitate
709 1141 840 1226 suscepta

151 1227 228 1287 inter
258 1243 371 1297 cives,
402 1242 464 1294 non
490 1239 591 1282 contra
617 1223 840 1302 rempublicam,
893 1271 895 1275 -

151 1304 223 1365 Non
248 1307 325 1364 eninr
352 1300 394 1363 est
420 1302 467 1362 illa
491 1301 623 1364 defensio
646 1321 749 1365 contra
776 1308 841 1377 nina¹

150 1405 289 1466 umquam
308 1382 459 1463 optanda3
481 1380 531 1443 sed
553 1404 772 1466 nonnumquam
792 1384 835 1446 est

152 1462 325 1526 necessaria:
345 1464 398 1521 nisi
414 1463 487 1522 verb
507 1481 555 1522 aut
570 1463 619 1524 ille
636 1463 718 1538 dies,
732 1469 761 1524 in
777 1487 839 1548 qun

152 1543 224 1607 Tib.
245 1543 397 1610 Gracchus
414 1541 456 1604 est
475 1542 589 1619 caesus,
613 1561 661 1605 aut
679 1545 754 1618 ille,
777 1567 838 1627 qun

152 1626 268 1701 Caius,
294 1643 342 1688 aut
360 1640 420 1706 quo
440 1646 519 1687 arma
539 1622 684 1689 Saturnini
705 1625 840 1706 oppressa

150 1707 233 1780 sunt,
251 1709 378 1777 etiarnsi
396 1726 413 1764 e
433 1705 609 1784 republica,
630 1706 838 1787 rempublicam

150 1804 248 1847 tamen
267 1807 331 1857 non
346 1785 542 1846 vulnerarunt.
666 1850 668 1855 ,
829 1828 833 1835 -

195 1867 255 1928 Vl.
281 1865 380 1949 ltaque
410 1886 467 1948 ego
487 1864 551 2006 {pse
576 1865 693 1930 decrevi
711 1912 727 1941 ,,
747 1889 838 1950 quum

150 1951 262 2011 caedern
286 1951 319 2008 in
337 1947 433 2028 Appia
457 1945 485 2006 fa
514 1969 561 2007 arn
584 1945 641 2009 else
663 1947 834 2025 constaret,

151 2052 212 2090 non
232 2048 319 2100 eum,
335 2029 384 2107 qui
399 2027 427 2089 se
440 2026 631 2107 defendisset,
645 2047 746 2089 contra
760 2050 839 2091 renn-

151 2109 299 2191 publicam
315 2104 431 2181 feciffe3
450 2107 518 2182 sed,
534 2129 623 2198 quum
641 2107 742 2171 inesset
756 2112 786 2169 in
805 2130 837 2177 re

152 2190 218 2263 vis,
234 2189 265 2250 &
281 2187 408 2261 insidiae,
427 2191 535 2249 crimen
548 2189 656 2268 judicio
671 2188 836 2266 reservavi,

148 2291 213 2332 rern
238 2270 348 2330 notavi.
369 2267 462 2348 Qubd
479 2271 501 2328 si
521 2289 575 2351 per
593 2269 731 2331 furiosum
753 2271 836 2343 illurn

149 2353 298 2414 tribunum
318 2347 445 2423 senatui,
469 2351 550 2431 quod
561 2348 722 2425 sentiebat,
745 2351 837 2433 perfie-

148 2453 214 2493 cere
233 2427 378 2503 licuisset,
406 2450 514 2492 novam
542 2429 729 2509 quaestionem
756 2454 834 2495 nunc

150 2514 258 2574 nullam
276 2510 467 2575 haberemus:
489 2509 663 2573 decernebat
685 2515 782 2587 enirn,
804 2531 836 2574 ut

150 2594 296 2655 veteribus
318 2590 428 2673 legibus
450 2593 656 2653 tantunrrnodo
678 2610 759 2655 extra
781 2615 837 2654 or-

151 2672 249 2732 dinern
272 2689 458 2754 quaereretur.
481 2670 582 2730 Divisa
605 2670 743 2735 sententia
763 2673 805 2734 est
824 2720 838 2749 ,

151 2750 314 2833 pollulante
330 2753 425 2831 nescio
443 2771 522 2832 quo:
543 2752 611 2810 nibil
626 2756 703 2813 eninr
720 2753 835 2819 necesse

152 2835 193 2897 cst
217 2835 346 2897 omnium
367 2834 473 2919 flagitia
491 2829 646 2915 proferre:
665 2835 705 2897 sic
725 2835 839 2919 reliqna
