2125 3784
154 392 157 399 '
242 407 321 458 Puo
346 389 382 458 C.
402 388 585 457 ummo
604 387 823 459 Poswuo.
850 402 878 479 7

191 504 219 563 iu
247 501 457 582 rempublicam
484 500 673 563 inducimus?
699 501 768 564 Erat
795 505 876 563 enim

192 583 252 642 haec
270 581 627 644 consuetudouutavobis
640 583 757 663 quidem
774 586 876 643 omni·
900 622 905 635 ,

190 662 265 736 bus,
286 662 363 735 sed,
385 666 408 722 si
428 661 494 721 usus
508 661 640 743 magister
658 661 699 723 est
719 665 877 742 optimus,

188 743 258 805 mihi
275 742 379 804 ‘debet
402 740 458 803 effe
479 744 636 804 notissima.
664 742 806 807 Accusavi
833 744 872 805 de

188 825 320 904 pecuniis
340 842 371 883 re
394 821 529 883 etundis:
553 820 643 901 judex
661 821 720 887 sedi
739 845 747 883 τ
767 841 875 904 prator

188 905 336 984 quaesivi:
381 903 478 965 efendi
499 903 662 983 plurimosz
685 905 764 966 nulla
785 925 873 984 pm,

188 1005 254 1065 quae
277 985 398 1064 aliquam
422 982 590 1045 facultatem
615 982 742 1046 discendi
768 982 871 1047 afferre

188 1062 303 1144 pollet,
322 1085 382 1125 nou
399 1084 467 1125 mea
484 1063 556 1125 fuit.-
575 1066 615 1125 ita
629 1064 798 1139 contendo,
815 1085 873 1127 ne·

187 1147 299 1206 minem
321 1165 489 1239 umquam3
511 1144 564 1223 qud
582 1168 622 1238 ea⁸
634 1150 755 1226 pecunia
773 1167 876 1225 perve-

187 1222 881 1385 ldszgllltllllllslltllllltlllel

187 1404 278 1446 nemo
296 1385 522 1466 appellabatur,
544 1386 599 1444 nisi
619 1405 655 1444 ex
671 1385 786 1447 testium
810 1387 874 1447 dic·

187 1467 240 1539 tis,
258 1483 307 1525 aut
319 1466 422 1527 tabulis
435 1469 636 1547 privatorum,
650 1485 699 1531 aut
713 1468 873 1529 rationibus

187 1546 347 1605 civitatum.
372 1545 473 1627 ltaque
489 1549 518 1605 in
532 1545 691 1607 inferendis
705 1548 802 1608 litibus
821 1547 875 1608 ad·

188 1623 244 1687 elle
263 1624 396 1686 solebant
408 1670 419 1697 ‚
433 1628 483 1706 qui
498 1625 606 1705 aliquid
625 1626 662 1686 de
677 1625 705 1688 se
725 1625 875 1686 vereban-
932 1658 936 1668 ·

186 1723 252 1776 tur:
268 1707 321 1781 dl,
338 1726 428 1786 quum
444 1722 526 1766 erant
539 1705 675 1785 appellati
687 1726 697 1777 ;
714 1708 738 1767 si
752 1705 881 1768 videba-'

186 1803 263 1860 tut,
287 1784 381 1855 statim
402 1785 502 1845 contri
525 1786 622 1847 dicere
640 1784 770 1849 solebam
792 1807 800 1845 :
827 1788 872 1850 sin

187 1864 250 1945 ejus
278 1868 420 1947 temporis
442 1883 591 1928 recentem
616 1867 756 1929 invidiam
782 1870 875 1946 perti-

186 1965 354 2020 iuuerunt,
384 1944 601 2026 respondebant
628 1945 729 2025 postea
754 1967 761 2004 :
793 1948 875 2026 quod

185 2047 278 2109 quum
292 2024 441 2100 fecillent,
455 2027 591 2108 permulti
608 2025 683 2107 saepe
699 2029 843 2089 vicerunt.

228 2107 270 2166 V.
298 2107 368 2169 Hoc
391 2108 464 2168 verb
489 2129 600 2169 novum
627 2106 696 2179 est,
721 2125 788 2168 ante
812 2107 872 2170 hoc
983 2134 985 2139 ·

185 2204 304 2267 tempus
320 2189 441 2262 omnino
454 2189 623 2256 inauditum.
642 2185 678 2250 lu
693 2187 788 2250 litibus
801 2187 873 2249 Pos-

185 2272 259 2329 tumi
275 2289 386 2330 nomeu
405 2266 446 2330 est
463 2267 617 2349 nusquam:
632 2270 661 2328 in
674 2268 770 2329 litibus
781 2268 870 2329 dico?

185 2348 280 2409 modi>
297 2370 353 2409 vos
370 2349 459 2410 iidem
477 2351 507 2411 iu
527 2347 567 2410 A.
583 2345 742 2409 Gabinium
760 2347 877 2426 judices

184 2427 309 2491 sedistis:
323 2448 394 2491 num
410 2431 473 2510 quis
488 2427 566 2488 tellis
584 2425 751 2490 Postumum
769 2429 873 2509 appel·

185 2509 280 2570 lavit?
298 2507 376 2570 tellis
395 2507 511 2571 autem?
526 2529 597 2569 num
615 2508 762 2571 aecusator
776 2507 786 2566 ἓ
802 2529 873 2567 num

186 2589 312 2729 denipue
332 2606 400 2651 mtu-
415 2589 467 2651 illu
483 2587 592 2667 iudicio
610 2587 741 2652 Postumi
759 2607 873 2650 nomen

185 2669 368 2810 &issidori
387 2751 472 2831 igitur
490 2766 557 2808 reus
574 2766 612 2809 ex
629 2767 665 2809 ea
683 2744 764 2808 caula
779 2790 790 2818 ,
807 2767 871 2827 qua

182 2829 312 2912 judicata
329 2828 392 2903 est,
411 2828 554 2891 redundat
571 2825 741 2889 Postumus:
761 2826 811 2889 sed
828 2826 870 2886 est

182 2929 318 2995 arreptus
338 2931 410 2976 uuus
434 2928 524 2992 eques
546 2908 701 3050 Romanup
720 2907 758 3004 de
779 2927 873 2991 pecus

718 3011 749 3052 iv
