<?xml version="1.0" encoding="UTF-8"?>
<!DOCTYPE html PUBLIC "-//W3C//DTD XHTML 1.0 Transitional//EN"
    "http://www.w3.org/TR/xhtml1/DTD/xhtml1-transitional.dtd">
<html xmlns="http://www.w3.org/1999/xhtml" xml:lang="en" lang="en">
 <head>
  <title>
</title>
<meta http-equiv="Content-Type" content="text/html;charset=utf-8" />
  <meta name='ocr-system' content='tesseract 3.04.00' />
  <meta name='ocr-capabilities' content='ocr_page ocr_carea ocr_par ocr_line ocrx_word'/>
</head>
<body>
  <div class='ocr_page' id='page_1' title='image "./mtulliiciceroni04lallgoog_0079.png"; bbox 0 0 2125 3784; ppageno 0'>
   <div class='ocr_carea' id='block_1_1' title="bbox 306 377 922 475">
    <p class='ocr_par' dir='ltr' id='par_1_1' title="bbox 306 377 922 475">
     <span class='ocr_line' id='line_1_1' title="bbox 306 377 922 475; baseline 0.003 -28"><span class='ocrx_word' id='word_1_1' title='bbox 306 395 399 448; x_wconf 71' lang='lat' dir='ltr'>nno</span> <span class='ocrx_word' id='word_1_2' title='bbox 425 377 644 447; x_wconf 76' lang='lat' dir='ltr'>Mirm.</span> <span class='ocrx_word' id='word_1_3' title='bbox 767 377 820 469; x_wconf 87' lang='lat'>69</span> <span class='ocrx_word' id='word_1_4' title='bbox 920 471 922 475; x_wconf 16' lang='grc' dir='ltr'>Ι</span> 
     </span>
    </p>
   </div>
   <div class='ocr_carea' id='block_1_2' title="bbox 124 488 821 813">
    <p class='ocr_par' dir='ltr' id='par_1_2' title="bbox 124 488 821 813">
     <span class='ocr_line' id='line_1_2' title="bbox 124 488 821 572; baseline 0.007 -23"><span class='ocrx_word' id='word_1_5' title='bbox 124 488 275 552; x_wconf 70' lang='lat' dir='ltr'>sentiatis:</span> <span class='ocrx_word' id='word_1_6' title='bbox 287 492 324 553; x_wconf 93' lang='lat' dir='ltr'>de</span> <span class='ocrx_word' id='word_1_7' title='bbox 382 514 398 552; x_wconf 92' lang='lat' dir='ltr'>a</span> <span class='ocrx_word' id='word_1_8' title='bbox 417 494 442 551; x_wconf 87' lang='lat' dir='ltr'>si</span> <span class='ocrx_word' id='word_1_9' title='bbox 459 490 517 572; x_wconf 79' lang='lat' dir='ltr'>jam</span> <span class='ocrx_word' id='word_1_10' title='bbox 530 493 642 554; x_wconf 89' lang='lat' dir='ltr'>nollem</span> <span class='ocrx_word' id='word_1_11' title='bbox 653 493 691 552; x_wconf 87' lang='lat' dir='ltr'>ita</span> <span class='ocrx_word' id='word_1_12' title='bbox 709 490 821 554; x_wconf 82' lang='lat' dir='ltr'>diluere</span> 
     </span>
     <span class='ocr_line' id='line_1_3' title="bbox 132 572 819 652; baseline 0.006 -24"><span class='ocrx_word' id='word_1_13' title='bbox 132 573 266 647; x_wconf 84' lang='lat' dir='ltr'>crimen,</span> <span class='ocrx_word' id='word_1_14' title='bbox 286 590 318 634; x_wconf 89' lang='lat' dir='ltr'>ut</span> <span class='ocrx_word' id='word_1_15' title='bbox 357 573 428 642; x_wconf 90' lang='lat' dir='ltr'>ilui,</span> <span class='ocrx_word' id='word_1_16' title='bbox 448 588 549 632; x_wconf 86' lang='lat' dir='ltr'>tamen</span> <span class='ocrx_word' id='word_1_17' title='bbox 575 573 692 652; x_wconf 70' lang='lat' dir='ltr'>impune</span> <span class='ocrx_word' id='word_1_18' title='bbox 711 572 819 632; x_wconf 88' lang='lat' dir='ltr'>Miloni</span> 
     </span>
     <span class='ocr_line' id='line_1_4' title="bbox 131 651 820 734; baseline 0.006 -25"><span class='ocrx_word' id='word_1_19' title='bbox 131 651 231 730; x_wconf 81' lang='lat' dir='ltr'>palam</span> <span class='ocrx_word' id='word_1_20' title='bbox 247 652 394 724; x_wconf 87' lang='lat' dir='ltr'>clamare,</span> <span class='ocrx_word' id='word_1_21' title='bbox 408 669 495 730; x_wconf 88' lang='lat' dir='ltr'>atque</span> <span class='ocrx_word' id='word_1_22' title='bbox 513 654 627 712; x_wconf 88' lang='lat' dir='ltr'>mentiri</span> <span class='ocrx_word' id='word_1_23' title='bbox 645 653 673 734; x_wconf 85' lang='lat' dir='ltr'>gl</span> <span class='ocrx_word' id='word_1_24' title='bbox 708 655 768 712; x_wconf 76' lang='lat' dir='ltr'>lose</span> <span class='ocrx_word' id='word_1_25' title='bbox 781 655 820 713; x_wconf 94' lang='lat' dir='ltr'>li-</span> 
     </span>
     <span class='ocr_line' id='line_1_5' title="bbox 132 674 820 813; baseline 0.007 -25"><span class='ocrx_word' id='word_1_26' title='bbox 132 747 223 791; x_wconf 83' lang='lat' dir='ltr'>ceret.</span> <span class='ocrx_word' id='word_1_27' title='bbox 244 731 371 804; x_wconf 84' lang='lat' dir='ltr'>Occidi,</span> <span class='ocrx_word' id='word_1_28' title='bbox 395 731 511 802; x_wconf 90' lang='lat' dir='ltr'>occidi,</span> <span class='ocrx_word' id='word_1_29' title='bbox 530 753 589 792; x_wconf 90' lang='lat' dir='ltr'>non</span> <span class='ocrx_word' id='word_1_30' title='bbox 602 731 652 813; x_wconf 88' lang='lat' dir='ltr'>Sp.</span> <span class='ocrx_word' id='word_1_31' title='bbox 667 674 820 808; x_wconf 49' lang='lat' dir='ltr'>ldaelium,</span> 
     </span>
    </p>
   </div>
   <div class='ocr_carea' id='block_1_3' title="bbox 85 804 822 1112">
    <p class='ocr_par' dir='ltr' id='par_1_3' title="bbox 85 804 822 1112">
     <span class='ocr_line' id='line_1_6' title="bbox 85 804 822 905; baseline 0.007 -36"><span class='ocrx_word' id='word_1_32' title='bbox 85 804 106 899; x_wconf 52' lang='lat'>[¹-</span> <span class='ocrx_word' id='word_1_33' title='bbox 129 813 319 905; x_wconf 71' lang='lat' dir='ltr'>¹quiannond</span> <span class='ocrx_word' id='word_1_34' title='bbox 336 809 480 885; x_wconf 68' lang='lat' dir='ltr'>levandi,</span> <span class='ocrx_word' id='word_1_35' title='bbox 499 806 616 890; x_wconf 71' lang='lat' dir='ltr'>jaduris</span> <span class='ocrx_word' id='word_1_36' title='bbox 650 815 725 873; x_wconf 89' lang='lat' dir='ltr'>etei</span> <span class='ocrx_word' id='word_1_37' title='bbox 737 811 822 874; x_wconf 85' lang='lat' dir='ltr'>fami·</span> 
     </span>
     <span class='ocr_line' id='line_1_7' title="bbox 85 889 822 974; baseline 0.004 -23"><span class='ocrx_word' id='word_1_38' title='bbox 85 912 89 973; x_wconf 72' lang='lat' dir='ltr'><strong>j</strong></span> <span class='ocrx_word' id='word_1_39' title='bbox 128 889 232 965; x_wconf 74' lang='lat' dir='ltr'>ltarn,</span> <span class='ocrx_word' id='word_1_40' title='bbox 251 895 320 972; x_wconf 91' lang='lat' dir='ltr'>quia</span> <span class='ocrx_word' id='word_1_41' title='bbox 344 892 427 952; x_wconf 85' lang='lat' dir='ltr'>nimis</span> <span class='ocrx_word' id='word_1_42' title='bbox 445 892 578 974; x_wconf 68' lang='lat' dir='ltr'>amplecti</span> <span class='ocrx_word' id='word_1_43' title='bbox 596 893 718 974; x_wconf 88' lang='lat' dir='ltr'>pebem</span> <span class='ocrx_word' id='word_1_44' title='bbox 734 909 822 973; x_wconf 86' lang='lat' dir='ltr'>puta·</span> 
     </span>
     <span class='ocr_line' id='line_1_8' title="bbox 85 969 820 1112; baseline 0.007 -82"><span class='ocrx_word' id='word_1_45' title='bbox 85 976 91 1001; x_wconf 75' lang='lat'>²</span> <span class='ocrx_word' id='word_1_46' title='bbox 129 969 242 1043; x_wconf 73' lang='lat' dir='ltr'>batur,</span> <span class='ocrx_word' id='word_1_47' title='bbox 261 974 291 1031; x_wconf 91' lang='lat' dir='ltr'>in</span> <span class='ocrx_word' id='word_1_48' title='bbox 309 970 356 1031; x_wconf 86' lang='lat' dir='ltr'>sus</span> <span class='ocrx_word' id='word_1_49' title='bbox 370 972 495 1032; x_wconf 80' lang='lat' dir='ltr'>itionem</span> <span class='ocrx_word' id='word_1_50' title='bbox 512 973 614 1033; x_wconf 86' lang='lat' dir='ltr'>incidit</span> <span class='ocrx_word' id='word_1_51' title='bbox 630 976 714 1068; x_wconf 75' lang='lat' dir='ltr'>regni</span> <span class='ocrx_word' id='word_1_52' title='bbox 728 994 820 1112; x_wconf 57' lang='lat' dir='ltr'>aspe-</span> 
     </span>
    </p>
   </div>
   <div class='ocr_carea' id='block_1_4' title="bbox 85 1050 849 2884">
    <p class='ocr_par' dir='ltr' id='par_1_4' title="bbox 131 1050 821 1215">
     <span class='ocr_line' id='line_1_9' title="bbox 131 1050 820 1150; baseline 0.01 -41"><span class='ocrx_word' id='word_1_53' title='bbox 131 1050 242 1111; x_wconf 85' lang='lat' dir='ltr'>tendi:</span> <span class='ocrx_word' id='word_1_54' title='bbox 259 1073 321 1112; x_wconf 86' lang='lat' dir='ltr'>non</span> <span class='ocrx_word' id='word_1_55' title='bbox 367 1052 407 1112; x_wconf 88' lang='lat' dir='ltr'>ib.</span> <span class='ocrx_word' id='word_1_56' title='bbox 422 1050 607 1127; x_wconf 85' lang='lat' dir='ltr'>Gracchum,</span> <span class='ocrx_word' id='word_1_57' title='bbox 626 1074 676 1135; x_wconf 84' lang='lat' dir='ltr'>qur</span> <span class='ocrx_word' id='word_1_58' title='bbox 695 1053 742 1114; x_wconf 88' lang='lat' dir='ltr'>col</span> <span class='ocrx_word' id='word_1_59' title='bbox 754 1073 820 1150; x_wconf 74' lang='lat' dir='ltr'>egre</span> 
     </span>
     <span class='ocr_line' id='line_1_10' title="bbox 133 1128 821 1215; baseline 0.004 -25"><span class='ocrx_word' id='word_1_60' title='bbox 133 1128 330 1214; x_wconf 83' lang='lat' dir='ltr'>magistratum</span> <span class='ocrx_word' id='word_1_61' title='bbox 362 1153 415 1214; x_wconf 90' lang='lat' dir='ltr'>per</span> <span class='ocrx_word' id='word_1_62' title='bbox 443 1131 615 1194; x_wconf 83' lang='lat' dir='ltr'>seditionem</span> <span class='ocrx_word' id='word_1_63' title='bbox 641 1135 821 1215; x_wconf 84' lang='lat' dir='ltr'>abrogavrt;</span> 
     </span>
    </p>

    <p class='ocr_par' dir='ltr' id='par_1_5' title="bbox 85 1208 822 1295">
     <span class='ocr_line' id='line_1_11' title="bbox 85 1208 822 1295; baseline 0.004 -25"><span class='ocrx_word' id='word_1_64' title='bbox 85 1208 90 1215; x_wconf 78' lang='grc'><strong>”</strong></span> <span class='ocrx_word' id='word_1_65' title='bbox 136 1231 261 1291; x_wconf 88' lang='lat' dir='ltr'>quorum</span> <span class='ocrx_word' id='word_1_66' title='bbox 272 1211 470 1274; x_wconf 71' lang='lat' dir='ltr'>interfeciorcs</span> <span class='ocrx_word' id='word_1_67' title='bbox 481 1214 639 1295; x_wconf 89' lang='lat' dir='ltr'>implerunt</span> <span class='ocrx_word' id='word_1_68' title='bbox 651 1215 756 1274; x_wconf 90' lang='lat' dir='ltr'>orbem</span> <span class='ocrx_word' id='word_1_69' title='bbox 766 1230 822 1275; x_wconf 85' lang='lat' dir='ltr'>ter·</span> 
     </span>
    </p>

    <p class='ocr_par' dir='ltr' id='par_1_6' title="bbox 85 1285 822 1376">
     <span class='ocr_line' id='line_1_12' title="bbox 85 1285 822 1376; baseline 0.001 -23"><span class='ocrx_word' id='word_1_70' title='bbox 85 1285 93 1353; x_wconf 58' lang='grc' dir='ltr'>,Ι</span> <span class='ocrx_word' id='word_1_71' title='bbox 137 1311 234 1350; x_wconf 86' lang='lat' dir='ltr'>rarum</span> <span class='ocrx_word' id='word_1_72' title='bbox 245 1295 368 1353; x_wconf 80' lang='lat' dir='ltr'>nominis</span> <span class='ocrx_word' id='word_1_73' title='bbox 379 1292 422 1354; x_wconf 84' lang='lat' dir='ltr'>sui</span> <span class='ocrx_word' id='word_1_74' title='bbox 433 1293 544 1374; x_wconf 71' lang='lat' dir='ltr'>glorid:</span> <span class='ocrx_word' id='word_1_75' title='bbox 558 1293 609 1354; x_wconf 89' lang='lat' dir='ltr'>sed</span> <span class='ocrx_word' id='word_1_76' title='bbox 623 1313 691 1354; x_wconf 88' lang='lat' dir='ltr'>eum</span> <span class='ocrx_word' id='word_1_77' title='bbox 702 1293 716 1376; x_wconf 94' lang='lat'>(</span> <span class='ocrx_word' id='word_1_78' title='bbox 728 1292 822 1354; x_wconf 87' lang='lat' dir='ltr'>aude·</span> 
     </span>
    </p>

    <p class='ocr_par' dir='ltr' id='par_1_7' title="bbox 85 1366 820 1455">
     <span class='ocr_line' id='line_1_13' title="bbox 85 1366 820 1455; baseline 0.005 -24"><span class='ocrx_word' id='word_1_79' title='bbox 85 1366 94 1431; x_wconf 64' lang='grc' dir='ltr'><strong><em>ῗ</em></strong></span> <span class='ocrx_word' id='word_1_80' title='bbox 139 1388 184 1430; x_wconf 92' lang='lat' dir='ltr'>ret</span> <span class='ocrx_word' id='word_1_81' title='bbox 200 1373 278 1432; x_wconf 87' lang='lat' dir='ltr'>enim</span> <span class='ocrx_word' id='word_1_82' title='bbox 295 1372 414 1447; x_wconf 85' lang='lat' dir='ltr'>dicere,</span> <span class='ocrx_word' id='word_1_83' title='bbox 433 1395 531 1455; x_wconf 66' lang='lat' dir='ltr'>quum</span> <span class='ocrx_word' id='word_1_84' title='bbox 549 1376 671 1455; x_wconf 86' lang='lat' dir='ltr'>patriam</span> <span class='ocrx_word' id='word_1_85' title='bbox 689 1375 820 1454; x_wconf 87' lang='lat' dir='ltr'>periculo</span> 
     </span>
    </p>

    <p class='ocr_par' dir='ltr' id='par_1_8' title="bbox 85 1446 821 1536">
     <span class='ocr_line' id='line_1_14' title="bbox 85 1446 821 1536; baseline 0.004 -27"><span class='ocrx_word' id='word_1_86' title='bbox 85 1446 95 1481; x_wconf 72' lang='lat'>²</span> <span class='ocrx_word' id='word_1_87' title='bbox 137 1449 366 1536; x_wconf 81' lang='lat' dir='ltr'>suoliberallet)</span> <span class='ocrx_word' id='word_1_88' title='bbox 377 1451 457 1532; x_wconf 84' lang='lat' dir='ltr'>cujus</span> <span class='ocrx_word' id='word_1_89' title='bbox 474 1453 634 1514; x_wconf 85' lang='lat' dir='ltr'>nefandum</span> <span class='ocrx_word' id='word_1_90' title='bbox 648 1454 821 1515; x_wconf 85' lang='lat' dir='ltr'>adulterium</span> 
     </span>
    </p>

    <p class='ocr_par' dir='ltr' id='par_1_9' title="bbox 85 1524 824 1691">
     <span class='ocr_line' id='line_1_15' title="bbox 85 1524 824 1612; baseline 0.004 -23"><span class='ocrx_word' id='word_1_91' title='bbox 85 1524 96 1560; x_wconf 80' lang='lat'><em>¹</em></span> <span class='ocrx_word' id='word_1_92' title='bbox 135 1532 164 1590; x_wconf 89' lang='lat' dir='ltr'>in</span> <span class='ocrx_word' id='word_1_93' title='bbox 177 1533 374 1612; x_wconf 86' lang='lat' dir='ltr'>pulvinaribus</span> <span class='ocrx_word' id='word_1_94' title='bbox 385 1532 565 1593; x_wconf 67' lang='lat' dir='ltr'>fundissimis</span> <span class='ocrx_word' id='word_1_95' title='bbox 578 1533 764 1595; x_wconf 81' lang='lat' dir='ltr'>nobilissimae</span> <span class='ocrx_word' id='word_1_96' title='bbox 775 1533 824 1592; x_wconf 82' lang='lat' dir='ltr'>fe·</span> 
     </span>
     <span class='ocr_line' id='line_1_16' title="bbox 85 1604 562 1691; baseline -0.006 -21"><span class='ocrx_word' id='word_1_97' title='bbox 85 1604 92 1641; x_wconf 65' lang='lat'>⁵</span> <span class='ocrx_word' id='word_1_98' title='bbox 135 1613 224 1671; x_wconf 84' lang='lat' dir='ltr'>minae</span> <span class='ocrx_word' id='word_1_99' title='bbox 249 1612 562 1691; x_wconf 82' lang='lat' dir='ltr'>comprehenderunt:</span> 
     </span>
    </p>

    <p class='ocr_par' dir='ltr' id='par_1_10' title="bbox 85 1684 849 2884">
     <span class='ocr_line' id='line_1_17' title="bbox 85 1684 824 1769; baseline -0.001 -19"><span class='ocrx_word' id='word_1_100' title='bbox 85 1684 90 1716; x_wconf 82' lang='lat'>&#39;&#39;</span> <span class='ocrx_word' id='word_1_101' title='bbox 176 1709 231 1769; x_wconf 84' lang='lat'>73.</span> <span class='ocrx_word' id='word_1_102' title='bbox 243 1690 342 1762; x_wconf 91' lang='lat' dir='ltr'>Eum,</span> <span class='ocrx_word' id='word_1_103' title='bbox 361 1686 442 1768; x_wconf 81' lang='lat' dir='ltr'>cujus</span> <span class='ocrx_word' id='word_1_104' title='bbox 451 1687 590 1768; x_wconf 88' lang='lat' dir='ltr'>supplicio</span> <span class='ocrx_word' id='word_1_105' title='bbox 600 1684 712 1748; x_wconf 88' lang='lat' dir='ltr'>senatus</span> <span class='ocrx_word' id='word_1_106' title='bbox 729 1685 824 1750; x_wconf 83' lang='lat' dir='ltr'>solen·</span> 
     </span>
     <span class='ocr_line' id='line_1_18' title="bbox 134 1766 849 1852; baseline -0.007 -17"><span class='ocrx_word' id='word_1_107' title='bbox 134 1791 190 1835; x_wconf 84' lang='lat' dir='ltr'>nes</span> <span class='ocrx_word' id='word_1_108' title='bbox 220 1771 378 1852; x_wconf 83' lang='lat' dir='ltr'>religiones</span> <span class='ocrx_word' id='word_1_109' title='bbox 405 1769 561 1848; x_wconf 71' lang='lat' dir='ltr'>expiandas¹</span> <span class='ocrx_word' id='word_1_110' title='bbox 589 1766 664 1850; x_wconf 86' lang='lat' dir='ltr'>saepe</span> <span class='ocrx_word' id='word_1_111' title='bbox 693 1767 849 1831; x_wconf 53' lang='lat' dir='ltr'>censuit:x</span> 
     </span>
     <span class='ocr_line' id='line_1_19' title="bbox 136 1847 822 1932; baseline -0.001 -21"><span class='ocrx_word' id='word_1_112' title='bbox 136 1872 228 1924; x_wconf 89' lang='lat' dir='ltr'>eum,</span> <span class='ocrx_word' id='word_1_113' title='bbox 246 1871 336 1932; x_wconf 88' lang='lat' dir='ltr'>quem</span> <span class='ocrx_word' id='word_1_114' title='bbox 348 1869 416 1909; x_wconf 89' lang='lat' dir='ltr'>cum</span> <span class='ocrx_word' id='word_1_115' title='bbox 425 1847 525 1909; x_wconf 88' lang='lat' dir='ltr'>sorore</span> <span class='ocrx_word' id='word_1_116' title='bbox 535 1867 671 1930; x_wconf 84' lang='lat' dir='ltr'>germana</span> <span class='ocrx_word' id='word_1_117' title='bbox 681 1848 822 1910; x_wconf 86' lang='lat' dir='ltr'>nefarium</span> 
     </span>
     <span class='ocr_line' id='line_1_20' title="bbox 136 1927 823 2012; baseline -0.001 -21"><span class='ocrx_word' id='word_1_118' title='bbox 136 1931 268 2012; x_wconf 85' lang='lat' dir='ltr'>stuprum</span> <span class='ocrx_word' id='word_1_119' title='bbox 297 1928 393 1990; x_wconf 80' lang='lat' dir='ltr'>fecille</span> <span class='ocrx_word' id='word_1_120' title='bbox 416 1928 452 1989; x_wconf 91' lang='lat' dir='ltr'>L.</span> <span class='ocrx_word' id='word_1_121' title='bbox 475 1928 610 1988; x_wconf 89' lang='lat' dir='ltr'>Lucullus</span> <span class='ocrx_word' id='word_1_122' title='bbox 637 1927 746 2007; x_wconf 84' lang='lat' dir='ltr'>juratus</span> <span class='ocrx_word' id='word_1_123' title='bbox 770 1929 823 2001; x_wconf 88' lang='lat' dir='ltr'>se,</span> 
     </span>
     <span class='ocr_line' id='line_1_21' title="bbox 138 2007 823 2092; baseline 0 -22"><span class='ocrx_word' id='word_1_124' title='bbox 138 2009 342 2092; x_wconf 72' lang='lat' dir='ltr'>quaestionibus</span> <span class='ocrx_word' id='word_1_125' title='bbox 369 2009 498 2081; x_wconf 88' lang='lat' dir='ltr'>habitis,</span> <span class='ocrx_word' id='word_1_126' title='bbox 530 2009 601 2068; x_wconf 85' lang='lat' dir='ltr'>dixit</span> <span class='ocrx_word' id='word_1_127' title='bbox 630 2007 823 2088; x_wconf 79' lang='lat' dir='ltr'>comperill&#39;e:</span> 
     </span>
     <span class='ocr_line' id='line_1_22' title="bbox 139 2088 822 2172; baseline -0.003 -19"><span class='ocrx_word' id='word_1_128' title='bbox 139 2112 225 2164; x_wconf 88' lang='lat' dir='ltr'>eum,</span> <span class='ocrx_word' id='word_1_129' title='bbox 237 2093 286 2172; x_wconf 89' lang='lat' dir='ltr'>qui</span> <span class='ocrx_word' id='word_1_130' title='bbox 297 2092 411 2163; x_wconf 87' lang='lat' dir='ltr'>civem,</span> <span class='ocrx_word' id='word_1_131' title='bbox 428 2109 516 2170; x_wconf 84' lang='lat' dir='ltr'>quem</span> <span class='ocrx_word' id='word_1_132' title='bbox 526 2088 637 2150; x_wconf 82' lang='lat' dir='ltr'>senatus</span> <span class='ocrx_word' id='word_1_133' title='bbox 649 2108 756 2170; x_wconf 88' lang='lat' dir='ltr'>,quem</span> <span class='ocrx_word' id='word_1_134' title='bbox 766 2112 822 2171; x_wconf 89' lang='lat' dir='ltr'>po·</span> 
     </span>
     <span class='ocr_line' id='line_1_23' title="bbox 139 2169 822 2253; baseline 0 -23"><span class='ocrx_word' id='word_1_135' title='bbox 139 2172 243 2253; x_wconf 85' lang='lat' dir='ltr'>polus,</span> <span class='ocrx_word' id='word_1_136' title='bbox 261 2191 350 2252; x_wconf 89' lang='lat' dir='ltr'>quem</span> <span class='ocrx_word' id='word_1_137' title='bbox 363 2189 466 2230; x_wconf 89' lang='lat' dir='ltr'>omnes</span> <span class='ocrx_word' id='word_1_138' title='bbox 482 2187 604 2252; x_wconf 84' lang='lat' dir='ltr'>gentes,</span> <span class='ocrx_word' id='word_1_139' title='bbox 619 2169 696 2229; x_wconf 85' lang='lat' dir='ltr'>urbis</span> <span class='ocrx_word' id='word_1_140' title='bbox 706 2190 740 2229; x_wconf 85' lang='lat' dir='ltr'>ac</span> <span class='ocrx_word' id='word_1_141' title='bbox 753 2172 822 2232; x_wconf 79' lang='lat' dir='ltr'>vitae</span> 
     </span>
     <span class='ocr_line' id='line_1_24' title="bbox 139 2248 822 2329; baseline -0.001 -17"><span class='ocrx_word' id='word_1_142' title='bbox 139 2254 249 2312; x_wconf 82' lang='lat' dir='ltr'>civium</span> <span class='ocrx_word' id='word_1_143' title='bbox 264 2251 498 2312; x_wconf 86' lang='lat' dir='ltr'>conservatorem</span> <span class='ocrx_word' id='word_1_144' title='bbox 515 2248 702 2329; x_wconf 84' lang='lat' dir='ltr'>judicabant,</span> <span class='ocrx_word' id='word_1_145' title='bbox 722 2248 822 2311; x_wconf 84' lang='lat' dir='ltr'>servo·</span> 
     </span>
     <span class='ocr_line' id='line_1_25' title="bbox 139 2331 822 2411; baseline -0.003 -19"><span class='ocrx_word' id='word_1_146' title='bbox 139 2353 206 2392; x_wconf 91' lang='lat' dir='ltr'>rum</span> <span class='ocrx_word' id='word_1_147' title='bbox 224 2333 310 2391; x_wconf 87' lang='lat' dir='ltr'>armis</span> <span class='ocrx_word' id='word_1_148' title='bbox 322 2333 522 2392; x_wconf 82' lang='lat' dir='ltr'>exterminavit</span> <span class='ocrx_word' id='word_1_149' title='bbox 537 2351 544 2389; x_wconf 92' lang='lat'>:</span> <span class='ocrx_word' id='word_1_150' title='bbox 560 2351 647 2402; x_wconf 89' lang='lat' dir='ltr'>eum,</span> <span class='ocrx_word' id='word_1_151' title='bbox 665 2331 715 2410; x_wconf 92' lang='lat' dir='ltr'>qui</span> <span class='ocrx_word' id='word_1_152' title='bbox 732 2344 822 2411; x_wconf 76' lang='lat' dir='ltr'>regna·</span> 
     </span>
     <span class='ocr_line' id='line_1_26' title="bbox 140 2411 824 2490; baseline -0.001 -18"><span class='ocrx_word' id='word_1_153' title='bbox 140 2412 241 2486; x_wconf 88' lang='lat' dir='ltr'>dedit,</span> <span class='ocrx_word' id='word_1_154' title='bbox 255 2411 384 2484; x_wconf 81' lang='lat' dir='ltr'>ademit3</span> <span class='ocrx_word' id='word_1_155' title='bbox 405 2411 507 2470; x_wconf 85' lang='lat' dir='ltr'>orbem</span> <span class='ocrx_word' id='word_1_156' title='bbox 524 2426 685 2482; x_wconf 86' lang='lat' dir='ltr'>terrarum,</span> <span class='ocrx_word' id='word_1_157' title='bbox 703 2412 824 2490; x_wconf 82' lang='lat' dir='ltr'>quibus-</span> 
     </span>
     <span class='ocr_line' id='line_1_27' title="bbox 140 2488 821 2573; baseline -0.001 -21"><span class='ocrx_word' id='word_1_158' title='bbox 140 2513 211 2552; x_wconf 89' lang='lat' dir='ltr'>cum</span> <span class='ocrx_word' id='word_1_159' title='bbox 228 2493 339 2566; x_wconf 89' lang='lat' dir='ltr'>voluit,</span> <span class='ocrx_word' id='word_1_160' title='bbox 353 2494 470 2573; x_wconf 84' lang='lat' dir='ltr'>partitus</span> <span class='ocrx_word' id='word_1_161' title='bbox 486 2488 526 2552; x_wconf 89' lang='lat' dir='ltr'>est</span> <span class='ocrx_word' id='word_1_162' title='bbox 541 2511 549 2548; x_wconf 91' lang='lat'>:</span> <span class='ocrx_word' id='word_1_163' title='bbox 566 2499 655 2562; x_wconf 88' lang='lat' dir='ltr'>eum,</span> <span class='ocrx_word' id='word_1_164' title='bbox 671 2491 739 2569; x_wconf 89' lang='lat' dir='ltr'>qui,</span> <span class='ocrx_word' id='word_1_165' title='bbox 754 2491 821 2570; x_wconf 87' lang='lat' dir='ltr'>plu·</span> 
     </span>
     <span class='ocr_line' id='line_1_28' title="bbox 140 2569 823 2650; baseline -0.006 -18"><span class='ocrx_word' id='word_1_166' title='bbox 140 2575 223 2633; x_wconf 86' lang='lat' dir='ltr'>rimis</span> <span class='ocrx_word' id='word_1_167' title='bbox 243 2572 366 2632; x_wconf 84' lang='lat' dir='ltr'>caedibus</span> <span class='ocrx_word' id='word_1_168' title='bbox 383 2574 411 2630; x_wconf 89' lang='lat' dir='ltr'>in</span> <span class='ocrx_word' id='word_1_169' title='bbox 423 2570 491 2631; x_wconf 84' lang='lat' dir='ltr'>foro</span> <span class='ocrx_word' id='word_1_170' title='bbox 508 2569 608 2640; x_wconf 72' lang='lat' dir='ltr'>factis,</span> <span class='ocrx_word' id='word_1_171' title='bbox 621 2569 754 2650; x_wconf 84' lang='lat' dir='ltr'>singulari</span> <span class='ocrx_word' id='word_1_172' title='bbox 762 2572 823 2628; x_wconf 85' lang='lat' dir='ltr'>vir·</span> 
     </span>
     <span class='ocr_line' id='line_1_29' title="bbox 139 2647 825 2734; baseline -0.01 -21"><span class='ocrx_word' id='word_1_173' title='bbox 139 2669 206 2713; x_wconf 88' lang='lat' dir='ltr'>tute</span> <span class='ocrx_word' id='word_1_174' title='bbox 227 2652 259 2712; x_wconf 87' lang='lat'>&amp;</span> <span class='ocrx_word' id='word_1_175' title='bbox 278 2650 369 2734; x_wconf 70' lang='lat' dir='ltr'>glon&#39;d</span> <span class='ocrx_word' id='word_1_176' title='bbox 384 2652 480 2711; x_wconf 86' lang='lat' dir='ltr'>civem</span> <span class='ocrx_word' id='word_1_177' title='bbox 496 2651 617 2709; x_wconf 89' lang='lat' dir='ltr'>domum</span> <span class='ocrx_word' id='word_1_178' title='bbox 636 2651 668 2705; x_wconf 86' lang='lat' dir='ltr'>vi</span> <span class='ocrx_word' id='word_1_179' title='bbox 687 2647 719 2706; x_wconf 90' lang='lat'>&amp;</span> <span class='ocrx_word' id='word_1_180' title='bbox 739 2650 825 2706; x_wconf 85' lang='lat' dir='ltr'>armis</span> 
     </span>
     <span class='ocr_line' id='line_1_30' title="bbox 140 2724 825 2813; baseline -0.01 -19"><span class='ocrx_word' id='word_1_181' title='bbox 140 2733 301 2813; x_wconf 85' lang='lat' dir='ltr'>compulit:</span> <span class='ocrx_word' id='word_1_182' title='bbox 315 2752 401 2807; x_wconf 88' lang='lat' dir='ltr'>eum,</span> <span class='ocrx_word' id='word_1_183' title='bbox 426 2733 472 2791; x_wconf 92' lang='lat' dir='ltr'>cui</span> <span class='ocrx_word' id='word_1_184' title='bbox 494 2729 564 2790; x_wconf 86' lang='lat' dir='ltr'>nihil</span> <span class='ocrx_word' id='word_1_185' title='bbox 584 2744 724 2805; x_wconf 89' lang='lat' dir='ltr'>umquam</span> <span class='ocrx_word' id='word_1_186' title='bbox 744 2724 825 2786; x_wconf 74' lang='lat' dir='ltr'>nefas</span> 
     </span>
     <span class='ocr_line' id='line_1_31' title="bbox 141 2803 828 2884; baseline -0.01 -11"><span class='ocrx_word' id='word_1_187' title='bbox 141 2813 194 2873; x_wconf 84' lang='lat' dir='ltr'>luit</span> <span class='ocrx_word' id='word_1_188' title='bbox 212 2833 269 2874; x_wconf 85' lang='lat' dir='ltr'>nec</span> <span class='ocrx_word' id='word_1_189' title='bbox 283 2814 313 2872; x_wconf 90' lang='lat' dir='ltr'>in</span> <span class='ocrx_word' id='word_1_190' title='bbox 325 2811 474 2884; x_wconf 87' lang='lat' dir='ltr'>facinore,</span> <span class='ocrx_word' id='word_1_191' title='bbox 490 2809 586 2870; x_wconf 89' lang='lat' dir='ltr'>necin</span> <span class='ocrx_word' id='word_1_192' title='bbox 600 2803 735 2864; x_wconf 88' lang='lat' dir='ltr'>libidine:</span> <span class='ocrx_word' id='word_1_193' title='bbox 747 2825 828 2882; x_wconf 85' lang='lat' dir='ltr'>eum,</span> 
     </span>
    </p>
   </div>
   <div class='ocr_carea' id='block_1_5' title="bbox 142 2884 826 2977">
    <p class='ocr_par' dir='ltr' id='par_1_11' title="bbox 142 2884 826 2977">
     <span class='ocr_line' id='line_1_32' title="bbox 142 2884 826 2977; baseline -0.01 -20"><span class='ocrx_word' id='word_1_194' title='bbox 142 2896 192 2977; x_wconf 80' lang='lat' dir='ltr'>qui</span> <span class='ocrx_word' id='word_1_195' title='bbox 208 2893 305 2956; x_wconf 83' lang='lat' dir='ltr'>aedem</span> <span class='ocrx_word' id='word_1_196' title='bbox 318 2891 525 2976; x_wconf 82' lang='lat' dir='ltr'>Nympharum</span> <span class='ocrx_word' id='word_1_197' title='bbox 546 2884 693 2960; x_wconf 86' lang='lat' dir='ltr'>incendit,</span> <span class='ocrx_word' id='word_1_198' title='bbox 710 2903 741 2948; x_wconf 91' lang='lat' dir='ltr'>ut</span> <span class='ocrx_word' id='word_1_199' title='bbox 757 2906 826 2958; x_wconf 54' lang='lat' dir='ltr'>mes</span> 
     </span>
    </p>
   </div>
   <div class='ocr_carea' id='block_1_6' title="bbox 849 3318 960 3418">
    <p class='ocr_par' dir='ltr' id='par_1_12' title="bbox 849 3318 960 3418">
     <span class='ocr_line' id='line_1_33' title="bbox 849 3318 960 3418; baseline 0 0"><span class='ocrx_word' id='word_1_200' title='bbox 849 3318 960 3418; x_wconf 74' lang='lat'>1·</span> 
     </span>
    </p>
   </div>
   <div class='ocr_carea' id='block_1_7' title="bbox 0 0 1083 3784">
    <p class='ocr_par' dir='ltr' id='par_1_13' title="bbox 0 0 1083 3784">
     <span class='ocr_line' id='line_1_34' title="bbox 0 0 1083 3784; baseline 0 0"><span class='ocrx_word' id='word_1_201' title='bbox 0 0 1083 3784; x_wconf 95' lang='lat' dir='ltr'> </span> 
     </span>
    </p>
   </div>
  </div>
 </body>
</html>
