2125 3784
280 385 599 460 szmrca
626 391 771 491 xm..
791 414 866 488 451

176 500 271 581 quld?
293 518 401 564 terrun
419 502 554 585 intelligis
571 503 686 567 delellu
707 508 771 570 toll
784 507 869 571 lta-lia

174 578 282 643 hubito
300 626 311 656 ‚
329 582 490 642 consulibus
508 586 628 658 missis,
646 585 759 650 casare
781 613 869 652 orna·

172 664 230 737 lo,
254 663 284 722 sa
304 664 327 723 's
350 662 418 723 deni
440 682 477 725 ue
496 660 636 746 sumptis,
656 665 769 730 hostem
791 668 869 752 judi·

169 683 388 884 catumlzuid
406 683 448 804 el
465 760 583 818 autern,
602 744 768 825 scelerate,
788 752 869 833 'quud

166 842 304 969 femus,
346 822 438 886 ostem
457 823 646 888 Dolabellam
667 827 828 910 judicatum
851 857 867 894 a

183 907 305 967 erratu?
330 924 420 987 quem
445 921 476 965 ru
498 906 633 970 ordinem
658 913 781 973 omnino
810 911 868 974 esse

171 985 290 1069 nullum
309 1003 409 1068 puras:
430 981 482 1046 sed
503 1008 569 1049 eam
586 992 640 1051 ribi
661 991 774 1054 causam
797 993 868 1055 belli

174 1065 302 1209 ἐξιεηάἰ
329 1069 498 1148 proponis,
526 1085 559 1128 ut
581 1069 710 1134 senatum
737 1073 866 1134 funditus

214 1144 277 1208 leas
287 1167 298 1219 ;
315 1148 367 1208 reli
388 1146 417 1206 ui
436 1147 509 1207 honi
527 1148 560 1207 &
579 1151 741 1233 locupletes
757 1175 866 1215 omnes

172 1224 321 1289 summum
339 1167 473 1290 orlinem
491 1226 705 1310 subsequantur.
728 1233 770 1294 At
789 1234 866 1310 scur-

175 1318 212 1369 lae
236 1306 331 1369 filium
359 1307 495 1388 appellet.
526 1307 621 1387 Quasi
647 1314 721 1372 verb
748 1317 865 1395 ignotus

175 1388 267 1459 uubis'
287 1386 373 1449 fuerit
399 1386 566 1469 splendidus
596 1410 684 1472 eques
712 1391 864 1453 Romanus

173 1463 319 1537 Trebouii
334 1486 425 1550 pater.
447 1467 476 1528 Is
497 1487 595 1530 autern
611 1472 802 1533 humilitatem
815 1474 868 1534 de·

170 1547 286 1635 spicere
295 1549 382 1611 audet
397 1548 562 1632 cujusquam
575 1595 585 1625 ‚
597 1555 646 1634 qui
658 1573 695 1614 ex
704 1552 792 1614 Fadia
808 1552 867 1613 sus·

169 1630 276 1702 tulerit
287 1630 402 1692 'liberos
416 1629 427 1689 ἓ
860 1633 862 1640 “

212 1710 275 1772 XL
296 1712 511 1777 Acerbissimum
529 1712 592 1770 verb
608 1713 662 1792 est,
678 1730 721 1786 re,
736 1715 777 1776 A.
793 1713 865 1774 Hir-

167 1797 194 1857 'ri
203 1837 217 1865 ,
241 1798 365 1852 amalum
383 1790 432 1868 effe
448 1793 586 1870 beneficiis
605 1793 740 1873 Caesaris,
756 1794 791 1854 'b
814 1812 864 1853 ta-

170 1874 227 1935 lem
247 1875 334 1933 abeo
358 1873 475 1931 relil‘lum
486 1888 499 1944 ,'
525 1874 633 1953 qualem
663 1874 719 1954 ipse
745 1876 864 1936 miraris.

171 1953 321 2036 Equidem
346 1972 453 2034 negare
470 1974 531 2013 uon
553 1951 692 2036 pullum,
712 1974 729 2012 a
749 1950 864 2036 Caesare

172 2034 306 2097 Hirtium
325 2050 458 2095 ornatum
475 2055 482 2093 :
497 2033 555 2095 used
573 2035 621 2096 illa
639 2052 810 2097 ornamenta
833 2036 864 2096 in

173 2117 285 2178 virtute
306 2113 339 2176 &
355 2112 489 2174 industria
504 2118 600 2195 posita
617 2115 725 2177 lucent.
746 2114 795 2177 Tu
808 2135 864 2178 ve·

173 2198 227 2272 rb,
246 2197 295 2278 qui
312 2210 341 2257 le
357 2195 393 2255 ab
411 2193 519 2256 eodem
530 2192 644 2256 Caesare
661 2211 797 2257 ornatum
815 2216 866 2258 ne·

173 2290 242 2361 gare
264 2298 326 2337 non
349 2282 462 2356 potes,
486 2275 556 2355 quid
579 2273 675 2348 elles,
699 2279 723 2334 si
739 2277 791 2336 tibi
814 2278 864 2337 ille

173 2379 236 2421 uon
258 2375 318 2417 tam
338 2357 428 2415 multa
450 2353 615 2415 tribulll'et?
641 2358 735 2434 ecqub
757 2372 787 2415 te
813 2373 863 2415 tua

171 2444 265 2502 virtus
289 2434 488 2518 provexisset?
510 2435 605 2515 ecqul)
621 2434 731 2516 genus?
750 2437 780 2494 in
803 2435 863 2494 lus·

169 2522 244 2597 tris,
264 2519 402 2600 popinis,
421 2516 485 2576 alea
501 2559 511 2590 ,
529 2518 623 2585 vino,
639 2532 754 2595 tempus
770 2519 860 2593 aetatis

166 2621 265 2666 omne
282 2594 497 2676 consumpsilles
514 2640 524 2669 ,
549 2612 580 2654 ut
597 2592 723 2671 faciebus
740 2639 750 2668 ‚
770 2615 860 2676 quum

167 2685 201 2746 in
219 2681 335 2764 gremiis
350 2677 502 2738 mimarum
520 2690 652 2735 mentem
670 2690 859 2755 mentumque

170 2764 351 2844 deponeres.
374 2757 498 2831 Erre,‹5
532 2778 588 2816 uer.
613 2750 737 2815 Puerum
757 2753 861 2837 appel·

169 2845 213 2907 lat
232 2887 243 2919 ,
265 2863 354 2925 quem
368 2862 431 2904 non
448 2779 542 2902 morl&
557 2837 652 2902 virum
669 2880 679 2912 ‚
697 2833 747 2898 sed
772 2837 860 2898 etiaru
