2125 3784
357 422 454 474 prro
487 402 708 472 Mirorra.
817 420 869 496 77

185 538 273 600 quem
294 520 318 578 si
335 519 468 591 vicisset,
488 518 636 577 habiturus
656 514 724 578 ell'et
741 516 871 597 impuni-¹

185 614 274 661 tatem
292 601 325 660 &
343 601 492 660 licentiam
503 595 715 677 sempiternam.
738 595 809 656 Non
827 595 870 659 est

185 679 314 740 humano
337 679 482 750 consilio,
502 696 539 737 ne
566 679 702 739 mediocri
729 678 872 760 quidem,

183 757 324 832 ludices,
350 759 472 818 deorum
492 758 696 819 immortalium
714 764 799 831 curi,
821 778 869 818 res

184 840 234 899 illa
247 839 404 920 perfella:
426 837 577 920 religiones
599 839 763 899 mehercule
781 837 870 918 ipsa,

184 941 253 999 quae
266 919 346 978 illam
358 917 480 978 belluam
493 919 599 979 cadere
612 920 768 990 viderunt,
786 939 869 978 com-

186 996 282 1057 muffe
294 998 323 1059 se
340 998 489 1074 videntur,
510 999 544 1059 &
562 998 607 1078 jus
621 1002 651 1060 in
665 1000 717 1060 illo
732 998 811 1059 suum
822 1016 872 1060 re·

188 1075 310 1140 tinuisse.

231 1157 280 1298 8p.
299 1158 363 1220 Vos
384 1157 560 1238 mimium,
577 1158 685 1221 Albani
705 1159 808 1218 tumuli
824 1174 873 1219 at-

187 1258 244 1319 que
265 1242 326 1313 uci,
339 1261 416 1313 vos,
432 1241 705 1321 inquam5imploro
718 1256 805 1320 atque
818 1255 874 1298 ress

185 1334 235 1378 rur
245 1363 256 1390 ,
274 1319 385 1401 vosque
400 1321 582 1381 Albanorum
602 1321 713 1381 obrutae
730 1341 806 1394 arae,
825 1317 873 1378 sa·

187 1420 304 1459 crorum
317 1400 421 1482 populi
434 1400 563 1461 Romani
580 1398 664 1459 sociae
682 1400 715 1459 &
730 1399 874 1481 aequales,

208 1500 257 1538 uas
275 1481 323 1540 ille
348 1499 478 1561 praeceps
506 1482 653 1551 amendi,
681 1481 782 1552 caesis,
802 1501 876 1559 pro·

184 1499 332 1641 llratisque
346 1560 604 1619 sanilissimislucis
617 1603 627 1629 ,
639 1557 876 1617 subllrufflonum

184 1638 292 1700 insanis
311 1639 439 1697 molibus
464 1635 642 1715 oppresserat
662 1656 670 1694 ι
695 1635 796 1695 vestrae
815 1653 878 1697 tum

187 1740 268 1788 arae,
290 1715 394 1777 vestrae
418 1715 573 1796 religiones
592 1718 764 1798 viguerunt,
782 1715 877 1778 vestra

186 1799 234 1861 vis
254 1797 361 1871 valuit,
372 1815 459 1878 quam
475 1796 524 1855 ille
542 1797 622 1855 omrii
639 1793 746 1856 scelere
780 1797 877 1858 ollue-

187 1895 253 1938 rat:
269 1895 358 2018 rupue
378 1896 414 1934 ex
439 1892 491 1936 tuo
512 1876 592 1935 edito
616 1893 741 1950 monte,
801 1880 876 1937 tiaris

187 1956 282 2017 {anile
317 1960 432 2037 upirer‚
451 1953 532 2032 cujus
551 1956 601 2015 ille
617 1956 716 2028 lacus,
734 1976 877 2030 nemore,

189 2036 317 2117 finesque
336 2036 411 2117 saepe
428 2039 509 2096 omni
526 2036 638 2097 nefario
655 2034 753 2118 stupro
770 2037 803 2096 &
815 2037 877 2097 sco·

189 2118 251 2178 lere
265 2117 438 2189 maculatam
449 2118 605 2197 aliquando
623 2117 738 2176 adeum
753 2120 875 2199 punien-

192 2199 263 2257 dum
284 2199 386 2258 oculos
407 2196 570 2278 aperuistis:
588 2198 674 2258 vobis
690 2198 765 2272 illa,
786 2201 875 2259 vobis

190 2277 289 2336 vestro
306 2281 335 2336 iu
350 2276 502 2357 conspeelu
514 2275 599 2352 serae,
610 2277 659 2338 sed
671 2275 749 2350 iustae
764 2296 875 2351 tamen,

192 2359 226 2417 &
252 2357 356 2418 debitae
374 2380 467 2437 poenae
487 2358 588 2417 solutae
613 2357 687 2417 sunt.
713 2357 777 2417 Nisi
797 2359 876 2419 forte

190 2440 249 2497 hoc
275 2441 361 2497 etiam
382 2438 443 2497 casu
463 2438 570 2497 faulum
589 2435 646 2498 effe
668 2438 816 2511 dicemus,
842 2455 876 2497 ut

191 2536 261 2577 ante
273 2516 364 2596 ipsum
377 2517 524 2578 sacrarium
534 2517 624 2578 Bonae
642 2519 724 2590 deae,
742 2521 823 2598 quod
833 2517 877 2577 est

192 2599 224 2656 in
242 2596 334 2657 fundo
342 2596 381 2657 T.
389 2597 477 2658 Sextii
487 2597 583 2671 Galli,
594 2601 624 2655 in
645 2601 744 2676 primis
763 2595 877 2656 honesti

193 2678 227 2738 &
256 2679 349 2737 ornati
380 2677 589 2749 adolescentis,
608 2693 674 2736 aute
702 2675 812 2754 ipsam,
829 2678 876 2732 in'·

190 2779 301 2838 quam,
331 2755 444 2816 Bonam
479 2758 591 2828 deam,
620 2775 708 2834 quum
741 2755 875 2832 proelium

190 2834 399 2912 commisiffet‚
417 2839 540 2917 primum
568 2836 639 2896 illud
659 2834 762 2892 vulnus
788 2857 876 2897 acce·

187 2920 290 3003 perit,
309 2938 371 3001 quo
396 2919 576 2979 teterrimam
604 2916 877 3057 m⁰¹¹ss¹¹l..⁰bis⁹.²'’

719 3017 748 3078 ¹¹l
