2125 3784
302 388 397 456 ‘nn-o
423 382 470 477 Q.
494 383 734 455 L‘rnnnro.
797 385 886 476 rod¹

187 495 302 561 necesse
330 497 391 572 est,
410 498 498 582 quim
516 495 622 578 Ligarii
643 497 730 557 ullam
755 495 872 579 culpant

188 598 220 638 re
243 580 418 640 rehendatis.
442 578 511 656 Q.i
532 579 588 635 itur
610 576 755 659 Ligarius,
780 596 878 659 quum*

187 679 204 717 e
228 677 258 718 et
273 659 369 719 adhuc
386 658 463 717 nulla
482 597 551 715 beili
565 653 703 736 suspicio,
719 657 827 740 legatus
839 660 870 717 in

186 738 321 799 Africam
344 759 411 796 cunt
430 736 466 797 C.
486 735 627 796 Considio
649 736 795 820 profedus
812 735 870 798 est:

207 839 247 878 ua
267 821 298 878 in
318 819 462 898 legatione
484 817 514 878 ἃ
536 817 666 890 civibus,
686 819 717 877 δι
732 817 813 878 sociis
832 818 872 877 ita

184 839 217 958 ie
238 898 396 978 probavit,
413 914 443 957 ut
461 896 606 961 decedens
623 896 783 958 Considius
822 916 876 959 ro*

186 979 291 1038 vincii
312 976 467 1039 satisfacere
492 979 659 1039 hominibus
676 999 738 1038 non
778 920 872 1053 odet,

187 1059 216 1198 {i
231 1077 317 1137 quern
368 1138 407 1199 Ἡ
420 1059 506 1155 aliurn
519 999 874 1199 ρτονίηείἶίρηὲεἰίΐῖετ.

187 1158 660 1302 „illintilissffinlllll
673 1158 875 1361 tigilli:

186 1314 232 1357 rus
246 1319 253 1358 :
269 1301 314 1359 cui
331 1301 371 1360 sie
389 1298 510 1380 praefuit.
522 1301 553 1358 in
573 1319 669 1379 pace,-
682 1317 718 1362 ut
796 1301 873 1360 civi·

187 1379 265 1453 bus,
285 1380 316 1441 δι
334 1380 415 1441 sociis
433 1381 594 1462 gratissima
617 1378 697 1440 effet.
710 1378 773 1461 ejus
792 1383 873 1441 inte·

186 1460 273 1540 gritas
294 1459 327 1519 δι
349 1458 434 1522 fides.

229 1557 256 1615 3.
278 1538 395 1600 Bellum
422 1538 665 1611 subitis.exarsit·,
689 1540 795 1620 quod,
822 1540 901 1620 qui·

185 1635 271 1680 erant
297 1621 329 1680 in
357 1618 458 1679 Africa
474 1659 485 1688 ,
515 1619 582 1676 ante
596 1618 776 1680 audierunt·
789 1621 873 1701 geri,

185 1699 278 1780 quim
296 1699 412 1778 parari:
433 1716 492 1777 quo
511 1696 634 1768 audito,
645 1701 749 1779 partim
767 1697 876 1780 cupidi-¹

185 1796 249 1839 tate
269 1776 505 1849 inconsiderati,
523 1779 627 1871 panim
647 1799 726 1840 caeco
742 1779 873 1861 quodarn

186 1862 317 1933 timore,
337 1859 433 1939 primi>
455 1856 569 1932 salutis,
593 1857 657 1937 post
682 1863 769 1920 etiarn
787 1858 873 1920 studii

185 1938 228 2000 sui
248 1938 416 2021 quaerebant
433 1938 560 2018 aliquem
577 1937 704 1999 ducent:
724 1960 813 2022 quum
824 1939 874 1999 Li·

187 2017 723 2182 fil?{tplilffliliitltilil
737 2019 873 2184 ligi-⁶5

186 2177 351 2261 pallusest.
378 2179 499 2242 Interim
516 2177 551 2240 P.
563 2177 661 2240 Attius
679 2182 806 2257 Varus,
819 2184 874 2264 qui

186 2275 295 2341 praetor
304 2260 436 2322 Africam
448 2262 631 2336 obtinuerat,
644 2259 764 2325 Uticam
771 2266 871 2325 venit:

187 2339 227 2400 ad
247 2359 315 2401 eum
329 2339 605 2407 statimconcursnnt
624 2339 675 2403 est.
701 2342 801 2430 Atque
809 2343 871 2406 :ille

187 2441 251 2481 non
262 2421 404 2490 mediocri
412 2421 567 2502 cupiditate
579 2423 695 2504 arripuit
706 2423 873 2505 imperium,

190 2502 215 2560 si
234 2500 304 2561 illud
329 2504 482 2583 imperinm
504 2499 561 2564 effe
586 2504 704 2583 potuit,
726 2504 821 2586 quod·
831 2503 872 2563 ad

187 2581 353 2662 privarunt⁴
370 2581 497 2644 clamore
526 2582 717 2643 multitudinis
746 2585 872 2662 imperi·

187 2677 248 2732 tae,
273 2661 352 2728 nullo
380 2663 498 2742 publico
516 2661 660 2734 consilio,
676 2661 871 2723 deferebatur.
902 2699 905 2705 ·

183 2738 289 2822 Itaque
307 2741 342 2802 Li
363 2745 453 2817 arius,
473 2744 523 2824 qui
538 2739 631 2801 otnne
644 2740 702 2800 tale
719 2743 870 2822 negotium

169 2837 308 2916 ¹cuperet
329 2841 346 2916 e
386 2842 483 2910 gere,
503 2821 623 2906 pauliani
643 2819 774 2886 adventu
796 2820 869 2887 Vati

183 2921 442 2984 conquietm..
537 2954 540 2959 .
727 2946 825 2964 ...,...

868 3248 989 3402 {⁵
