2125 3784
244 348 566 422 PnrrrrrrcA
599 354 712 426 XIV.
749 373 830 450 479

133 459 170 527 in
190 463 342 603 ‘ispuffica
361 486 501 547 campus,
520 486 551 528 ut
569 467 711 550 sapienter
732 472 830 535 dicere

136 542 205 605 Cra
230 565 262 605 us
281 543 411 609 solebat:
433 549 531 610 multis
547 570 662 631 apertus
678 551 771 614 cursus
792 553 831 616 ad

136 623 273 693 laudem.

182 704 266 767 VII.
288 704 411 777 Utinam
426 708 544 791 quidem
565 710 605 771 illi
620 710 764 794 principes
781 716 831 776 vi·

139 804 272 861 vetent,
287 789 338 869 qui
359 808 408 853 me
430 789 494 872 post
512 811 611 857 meum
629 791 830 872 consulatum,

140 886 234 948 quum
259 870 292 932 iis
314 867 373 1008 ipse
394 872 558 948 cederem,
582 875 744 955 principem
769 896 831 938 non

88 960 93 965 '
140 947 227 1010 inviti
254 947 323 1010 vide
347 966 395 1011 ant
419 951 428 1017 i
456 954 515 1015 hoe
541 956 614 1018 verb
640 973 776 1036 tempore
800 959 831 1020 in

142 1042 224 1091 tenta
240 1029 340 1112 inopia
357 1029 549 1101 constantium
568 1037 600 1096 δι
613 1035 732 1102 fortium
750 1058 829 1097 con·

143 1107 302 1183 solarium,
323 1131 382 1193 quo
404 1133 453 1174 me
471 1115 574 1176 dolore
595 1115 670 1176 affici
692 1117 831 1192 creditis,

143 1210 234 1272 quum
253 1191 326 1252 alios
343 1194 419 1252 male
438 1193 563 1268 sentire,
581 1196 653 1256 alios
673 1198 744 1256 nihil
761 1219 832 1256 om·

143 1273 215 1333 nino
231 1292 333 1343 curare
348 1273 486 1349 videam,
502 1278 575 1335 alios
586 1297 685 1356 parum
697 1275 836 1341 constan·

143 1368 189 1413 ter
207 1354 239 1413 in
254 1351 383 1434 suscepta
402 1354 485 1416 causa
505 1375 677 1436 permanere
688 1400 699 1428 ,
711 1356 832 1422 senten·

142 1435 274 1517 tiamque
291 1432 370 1497 suam
387 1457 449 1497 non
463 1435 577 1520 semper
593 1437 714 1497 utilitate
730 1439 832 1517 reipun

141 1513 227 1582 blica
243 1558 254 1590 ,
273 1512 325 1576 sed
344 1535 433 1598 quum
450 1517 501 1600 spe
518 1562 528 1593 ,
548 1533 610 1577 tum
633 1519 740 1580 timore
762 1538 834 1585 nto«-¹

141 1594 265 1663 deteri?

188 1675 237 1739 ιθ.
261 1675 357 1757 Qubd
375 1679 399 1737 si
412 1678 476 1759 quis
493 1676 530 1737 de
545 1679 735 1742 contentione
750 1679 833 1759 prin-

142 1756 258 1838 tipatiis
283 1758 425 1833 laborat,
447 1779 511 1840 quae
532 1759 611 1818 nulla
631 1757 689 1820 effe
715 1760 832 1833 debet;

143 1837 307 1905 stultissime
323 1837 409 1912 facit,
426 1839 449 1897 si
464 1841 540 1900 vitiis
556 1861 623 1900 cum
636 1844 741 1902 virtute
761 1861 834 1900 con·

144 1917 259 1980 rendit:
274 1937 307 1980 ut
322 1920 403 1980 enim
421 1918 501 1980 cursu
517 1920 612 1980 cursus
630 1966 640 1996 ,
661 1923 701 1980 sic
718 1924 747 1979 in
764 1922 833 1980 viris

145 1999 271 2073 fortibus
290 2001 380 2061 virtus
401 2001 509 2062 virtute
529 2001 687 2084 superatur.
715 1999 785 2075 Tu,
810 2000 835 2059 si

145 2099 207 2177 ego
228 2079 265 2140 de
286 2082 434 2162 republica
454 2085 566 2218 optime
584 2083 703 2144 sentiam
714 2104 723 2157 3
735 2100 767 2143 ut
785 2101 834 2148 me

146 2182 247 2223 vincas
257 2205 269 2240 ,
288 2161 347 2242 ipse
369 2162 475 2242 pessim
511 2160 639 2224 senties?
663 2181 735 2235 aut,
756 2165 779 2222 si
796 2161 835 2223 ad

147 2262 199 2305 me
216 2242 362 2307 bonorum
379 2239 548 2306 concursum
568 2241 631 2305 fieri
646 2244 781 2315 videbis,
797 2242 836 2313 ad

147 2338 180 2383 te
200 2323 352 2404 improbos
371 2321 532 2382 invitabis?
556 2323 687 2395 nollem,
708 2324 835 2399 primitur

147 2404 317 2484 reipubl-ica
336 2402 443 2474 causi3
463 2399 570 2462 deinde
583 2403 671 2461 etiam
690 2400 836 2482 dignitatis

147 2501 218 2549 111ae.
238 2483 316 2559 Sed,
334 2487 357 2543 si
375 2485 551 2567 principatus
568 2498 727 2564 ageretur,
746 2500 836 2562 quem

148 2585 310 2648 numquam
338 2567 495 2645 expetivi,
521 2564 592 2643 quid
619 2560 738 2621 tandem
766 2562 836 2621 mihi

148 2643 224 2708 effet
239 2645 395 2727 optatius?
416 2664 474 2727 ego
493 2645 570 2717 enirn
591 2641 673 2700 malis
691 2639 838 2701 sententiis

148 2727 307 2877 ’gi‘ncibnon
323 2725 456 2807 possum,
474 2724 560 2785 bonis
576 2721 695 2783 forsitan
704 2718 837 2803 possum,

204 2808 224 2867 li
247 2825 341 2869 enter.

196 2906 245 2971 19·
263 2888 337 2955 Haec
355 2886 499 2971 populum
518 2883 686 2952 Romanurn
707 2837 840 2962 videre}
