2125 3784
326 406 640 474 Pnrzmrcn
671 398 728 471 Hs
763 490 767 501 Ι
799 411 875 494 197

189 521 296 594 blica,
311 518 414 587 rivere
430 518 597 590 volebam,
622 525 669 577 ro't
689 514 881 592 consulum

189 599 238 660 tot
250 602 419 680 maturius,
431 615 478 672 tot
490 593 704 658 honestissimos
717 597 892 670 senatoress

189 685 312 740 omnem
330 683 471 763 praeterea
488 679 593 739 florem
612 678 769 739 nobilitatis
783 699 817 737 ac
830 675 879 756 ju··
914 744 920 758 ι

189 763 340 833 venturis,
361 776 423 819 tum
442 762 619 841 optimorum
637 761 744 819 civium
762 759 879 818 exerti-⁶

188 857 253 909 tus:
267 841 317 920 qui
332 842 355 898 si
372 841 525 913 viverent,
543 840 674 920 quamvis
687 838 783 920 iniqud
798 845 874 898 c'on-

190 920 305 979 ditione
324 917 430 1000 pacis(
440 919 508 989 mihi
526 921 605 985 enim
624 922 719 978 omnis
735 939 792 998 pax
809 938 877 976 cum

191 1001 306 1060 civibus
316 1000 395 1060 bello
404 1001 488 1065 ,civili
499 1000 598 1059 ‘utilior
609 999 763 1058 videbatur
772 996 786 1079 )
794 1016 885 1058 rem-²v

188 1079 335 1161 publicam
348 1078 436 1140 hodie
449 1090 625 1140 teneremus.
643 1078 721 1159 Quae
734 1078 881 1138 sententia·

189 1163 214 1220 si
231 1156 379 1234 valuisset,
395 1179 428 1218 ac
444 1180 505 1219 non
522 1161 544 1218 ii
561 1158 686 1218 maxims
704 1158 791 1230 mihi,
802 1178 879 1238 quo*

188 1260 254 1299 rum
281 1259 297 1300 e
320 1261 338 1300 ο
359 1241 428 1301 vitre
449 1237 656 1312 consulebam,
678 1237 728 1318 spe
748 1237 878 1298 visiori'a

189 1319 274 1391 elati,
284 1259 452 1380 obstitissent
462 1336 510 1391 ;ut
523 1318 577 1376 alia
588 1321 738 1391 omittam,
751 1334 783 1377 tu
796 1318 876 1378 cers&

188 1404 347 1479 numquam
358 1401 389 1458 in
403 1399 460 1470 boe
477 1396 601 1469 ordine,
618 1398 673 1458 vel
684 1400 780 1478 p'otibs
791 1418 882 1457 nume

187 1500 277 1563 quam
294 1482 323 1539 in
344 1480 398 1539 hac
416 1478 488 1539 urbe
506 1475 663 1538 mansisses.
711 1545 713 1554 k

230 1558 280 1640 38.
292 1559 335 1619 At
353 1559 426 1620 verb
439 1557 497 1618 Cn.
511 1557 646 1637 Pompeii
662 1556 846 1617 voluntatem
859 1578 878 1616 a

186 1659 237 1701 me
257 1639 440 1698 abalienabat
458 1640 552 1698 oratio
565 1657 641 1698 mea.
653 1636 703 1697 An
714 1637 762 1696 ille
776 1656 879 1718 quem⁴

185 1739 276 1800 quam
287 1718 351 1799 plus
366 1717 464 1778 dilexit
476 1717 488 1778 ἓ
509 1736 575 1777 eum
587 1717 647 1778 ullo
658 1733 705 1778 aut
714 1716 875 1791 sermones,

185 1815 237 1860 aut
248 1798 368 1869 consilia
387 1798 508 1859 contulit
525 1796 645 1878 saepius?
662 1797 744 1880 quod
756 1796 880 1878 quidem

186 1895 251 1940 erat
268 1897 425 1960 mag-num,
444 1878 481 1938 de
498 1876 608 1938 summa
622 1899 687 1960 rep.
707 1875 882 1937 dissentien«.

186 1977 253 2032 tes,
264 1961 294 2018 in
312 1959 415 2022 eadem
434 1957 642 2020 consuetudine
661 1959 790 2018 amicitiae
808 1976 877 2038 per·

186 2059 319 2100 manete.
340 2038 401 2101 Sed
419 2039 451 2101 &
469 2060 547 2122 ego,
566 2040 636 2119 quid
657 2039 727 2111 ilie,
747 2038 781 2098 &
798 2059 880 2098 con«-

187 2118 234 2179 tti
249 2119 320 2193 ille,
341 2119 411 2202 quid
424 2136 481 2201 ego
496 2120 632 2181 sentirem
651 2120 693 2179 δι
703 2118 875 2200 speaarem,
915 2130 917 2132 ’

187 2199 325 2260 videbat:
336 2220 393 2282 ego
411 2200 601 2260 incolumitati
618 2200 724 2260 civium
737 2201 875 2280 primum,
897 2255 902 2263 .

187 2281 224 2341 ὅ(
241 2278 341 2360 pollet
362 2280 512 2419 diqniratn
528 2280 577 2340 ille
589 2278 722 2419 grassati
739 2279 873 2360 dignitati

186 2361 286 2441 potiits
314 2359 507 2434 consuebat:
529 2361 587 2440 qub
626 2377 726 2420 autem
746 2359 875 2420 habebat

187 2457 309 2520 uterque
327 2439 407 2521 quod
424 2438 609 2522 sequeretur,
632 2440 743 2501 idcirco
761 2439 876 2500 tolera·

189 2518 274 2579 bilior
292 2537 353 2580 erat
367 2519 464 2581 nostra
480 2517 626 2596 dissensio.

232 2617 279 2678 39.
300 2599 383 2680 Quid
405 2601 479 2662 verb
499 2601 548 2661 ille
566 2602 609 2658 sin
630 2599 714 2658 ularis
735 2599 808 2670 vir,
837 2617 873 2656 ac

184 2698 264 2762 pene
284 2677 396 2739 divinus
410 2681 455 2741 'de
476 2700 524 2741 me
548 2619 686 2751 sensim,
711 2676 801 2736 sciunt
822 2678 874 2757 qui
916 2681 919 2689 “

184 2779 255 2820 eum
272 2759 309 2820 de
322 2758 478 2820 Pharsalica
495 2760 564 2841 suga
578 2757 709 2838 Paphum
728 2755 878 2837 prosecuti

183 2830 264 2900 sunt:
275 2857 433 2922 numquam
451 2841 488 2899 ab
504 2860 542 2901 eo
553 2838 665 2898 mentio
679 2836 717 2896 de
731 2855 800 2908 me,
816 2838 873 2898 nisi
916 2881 918 2885 .

184 2917 366 3007 honorifica,
383 2921 437 2981 nisi
448 2919 536 3002 plena
549 2918 712 2995 amitissimi
724 2917 876 2992 desidetis·
904 2932 907 2937 ·

695 2995 758 3079 1rj
