2125 3784
170 366 193 437 8
282 382 285 386 ·
393 360 684 433 Oemo'

168 481 222 539 niis
239 474 405 558 repetundis
422 497 497 538 teus.
521 478 636 559 Quibus
650 478 775 538 tabulis?
788 499 851 559 quae

170 555 328 637 injudicio
352 557 392 617 A.
412 555 530 618 Gabinii
551 562 675 620 recitatae
698 580 759 618 non
778 557 851 618 sunt.

172 637 245 716 Quo
257 636 329 698 teste
341 636 351 696 ἓ
365 659 381 696 a
416 659 454 698 uo
468 655 529 698 tum
544 640 705 720 appellatus
715 638 854 719 nusquam

173 716 225 778 est.
245 718 315 799 Qui
329 659 523 813 appeilatione
538 719 653 780 litium?
666 722 696 778 in
713 739 770 799 qua
783 717 856 779 Pos-

171 799 245 858 tumi
269 815 380 859 mentio
396 797 470 859 satia
494 799 571 858 nuila
592 797 642 860 est.
669 799 739 878 Qui
758 799 855 881 lege?

89 900 92 909 ¹
174 883 230 960 qui
247 901 307 939 non
323 894 447 940 tenetur.
466 878 525 939 Hic
543 877 600 940 'am
612 925 621 951 ‚
635 878 770 954 ludices,
784 899 857 939 ves-

174 962 211 1018 tri
228 960 339 1019 consilii
356 979 401 1020 res
416 958 476 1034 est,
490 901 592 1022 veiirae
607 959 768 1042 sapientiae:
788 959 857 1040 quid

175 1040 280 1100 deceat
296 1060 371 1114 vos,
389 1061 471 1115 non,
489 1057 627 1122 quantum
645 1041 730 1100 liceat
749 1039 856 1113 vobis,

175 1119 302 1202 speetare
325 1119 460 1180 debetis:
484 1124 603 1182 sienim
624 1165 634 1193 ,
652 1120 722 1200 quid
742 1121 828 1180 liceat
848 1165 858 1192 ‚

175 1202 321 1282 quaeritis3
357 1198 452 1260 otestis
465 1201 570 1262 tollere
582 1221 600 1261 e
615 1202 751 1273 civitate,
769 1220 858 1280 quem

175 1281 280 1341 vultis:
303 1221 408 1340 tafiella
424 1278 464 1340 est
482 1325 491 1352 ‚
510 1301 575 1362 quae
594 1281 643 1339 dat
662 1279 859 1360 potestatem3

177 1361 302 1421 occultat
318 1359 422 1420 eadem
434 1360 601 1420 libidinem:
617 1358 697 1437 cujus
712 1359 860 1420 conscien-

175 1441 246 1500 tiam
260 1439 328 1498 nihii
340 1438 380 1499 est
390 1441 469 1520 qued
481 1439 627 1522 quisquam
637 1443 753 1515 timeat,
765 1442 789 1500 si
798 1461 860 1502 non

87 1532 97 1543 '
176 1518 359 1604 pertimescat
374 1518 462 1580 suam.

224 1619 269 1660 12.
296 1600 357 1661 Ubi
375 1599 415 1662 est
430 1602 514 1682 igitur
530 1599 558 1660 sa
579 1601 667 1662 ientia
681 1597 782 1680 judicis
800 1599 811 1658 ?
832 1603 861 1660 in

176 1681 254 1753 hoc,
270 1697 302 1738 ut
318 1701 379 1741 non
391 1680 485 1740 solim
500 1622 578 1760 quiri,
584 1684 675 1760 possit
685 1726 694 1753 ,
706 1680 756 1741 sed
772 1683 861 1740 etiam

178 1761 248 1842 quid
269 1760 401 1832 debeat,
422 1759 567 1840 ponderet
584 1779 594 1831 ;
617 1779 672 1819 nec
693 1804 703 1833 ‚
723 1779 863 1840 quantum

178 1839 234 1900 sibi
260 1837 453 1922 permistum,
479 1840 644 1899 meminerit
666 1838 758 1901 sol'um
779 1885 789 1913 ,
812 1840 863 1902 sed

181 1923 291 1995 etiam,
309 1938 449 2001 quatenus
463 1918 642 1981 commissum
659 1921 704 1980 sit.
717 1920 813 1980 Datur
828 1922 864 1980 t'i·

180 2002 212 2061 bi
230 2001 336 2060 tabella
351 1999 459 2078 judicii.
483 1999 555 2080 Qui
571 2001 658 2082 lege?
673 2000 748 2062 tulit
763 2001 800 2061 de
812 2021 865 2082 ρε-Ι

182 2082 271 2139 cuniis
285 2080 461 2160 repetundis.
484 2081 558 2159 Quo
576 2081 613 2141 de
628 2081 701 2141 reo?
718 2081 754 2142 de
767 2084 864 2163 equite

180 2158 330 2220 Romano.
355 2158 397 2219 At
415 2159 466 2221 iste
484 2161 560 2221 ordo
578 2161 642 2242 lege
658 2161 694 2221 ei
709 2183 768 2221 non
781 2179 865 2224 tene·

181 2257 239 2300 tur.
259 2237 335 2312 Illo,
351 2241 381 2298 in
402 2243 461 2314 uit,
478 2244 594 2321 capite,
610 2263 662 2320 quo
671 2245 789 2322 pecunia
802 2265 866 2323 per·

181 2323 306 2391 venerit,
324 2261 405 2400 quo}
421 2323 525 2382 eratin
543 2319 724 2381 Postumum:
738 2342 827 2401 quum
836 2325 867 2384 in

184 2397 343 2460 Gabinium
354 2397 443 2478 judex
461 2400 568 2474 effem,
587 2401 657 2460 nihil
670 2399 799 2461 Gabinio
813 2402 869 2461 da-

182 2497 276 2554 tum,
300 2501 390 2560 quum
416 2477 477 2560 ejus
502 2481 567 2540 lites
585 2478 800 2541 aestimarentur.
824 2481 867 2544 At

184 2580 261 2620 nunc
279 2560 375 2619 audio.
393 2558 472 2621 Reus
491 2561 577 2663 igitur
596 2558 747 2620 Postumus
770 2560 811 2623 est
832 2564 868 2623 ei

185 2641 271 2722 lege,
288 2640 345 2721 quit
356 2661 416 2702 non
431 2642 521 2702 modo
539 2640 618 2722 ipse,
631 2639 680 2701 sed
692 2656 770 2702 totus
780 2645 867 2704 etiam

188 2721 264 2780 ordo
279 2719 405 2794 solutus,
425 2745 458 2783 tc
471 2723 545 2783 liber
559 2720 610 2780 est.

227 2798 288 2858 Vl.
314 2802 370 2861 Hic
389 2822 445 2884 ego
464 2822 540 2862 nunc
562 2820 622 2860 non
639 2821 695 2861 vos
713 2801 790 2881 pritis
807 2801 868 2861 im-

187 2879 310 2967 plorabo
330 2923 340 2956 ,
360 2880 477 2962 Equites
504 2881 630 2948 Romani
650 2924 660 2957 ,
679 2901 804 2965 quorum
823 2881 869 2964 jus

83 3324 271 3449 Λ
