2125 3784
256 368 333 459 246
371 364 428 437 In
448 364 500 436 M.
521 367 826 437 Amorion

253 484 358 543 blicam
375 481 453 561 (nec
468 483 545 542 euim
562 480 624 542 fieri
640 484 740 562 potult
764 479 871 566 aliter)
882 478 939 545 Co

252 562 295 623 sar
311 563 463 623 liberavit:
478 565 528 643 qui
544 565 596 622 nisi
613 565 642 621 in
659 563 714 622 hac
731 565 884 644 republica
893 586 938 625 nr-

254 660 300 705 tus
325 641 419 715 eliet,
446 643 652 722 rempublicam
683 641 800 704 scelere
824 645 938 704 Antonii

252 722 361 783 nullam
378 723 561 783 haberemus.
578 721 624 782 Sic
635 725 715 783 enim
726 722 894 805 perspicio,
906 727 938 784 sic

252 798 353 883 judico
365 846 375 876 ,
388 805 441 863 niti
457 823 530 862 uuus
549 802 719 863 adolescens
735 805 815 864 illius
828 803 941 865 furenti

253 885 403 964 impetur,
429 879 701 965 crudelissimosque
716 902 848 946 conatus
866 885 939 944 cobi-

252 961 374 1037 buillet‚
391 964 599 1044 rempublicam
618 963 939 1026 funditusinterinrran

254 1042 344 1104 inille.
373 1041 429 1104 Cui
446 1042 565 1125 quidem
584 1042 730 1104 hodierno
754 1045 829 1119 die,
850 1043 940 1104 Patres

253 1122 406 1204 conscripti
417 1122 515 1204 (nunc
531 1125 608 1184 enim
648 1125 757 1184 rimitrn
774 1127 817 1185 ita
837 1143 938 1184 conve·

255 1203 371 1276 nimus,
394 1222 424 1262 ut
444 1204 518 1264 illius
542 1144 687 1264 benetiiio
712 1202 868 1286 pollemus
890 1224 937 1276 ea,

252 1281 939 1426 tinnitumtinniit

254 1464 272 1505 c
292 1442 320 1505 fe
338 1409 517 1526 susceptam,
537 1443 587 1505 sed
606 1385 693 1505 iliam
713 1466 732 1505 a
751 1444 841 1506 nobis
864 1465 939 1507 com·

254 1524 422 1585 mendatam
441 1527 532 1606 possit
548 1523 721 1586 defendere.¹

295 1603 361 1666 111.
377 1604 440 1666 Nec
456 1605 528 1666 vero
543 1604 579 1665 de
591 1604 710 1686 legione
727 1601 938 1744 Martiepqoo‘

252 1685 333 1746 uiam
351 1685 442 1766 longo
461 1685 615 1745 intervallo
634 1686 712 1766 loqui
730 1686 820 1746 nobis
861 1704 877 1746 e
894 1705 938 1746 re·

275 1763 367 1825 ublica
377 1762 465 1847 licet)
478 1766 554 1825 sileri
564 1763 668 1845 potest.
687 1765 764 1844 Quis
779 1767 938 1826 enimunus

252 1785 378 1918 lectior,
398 1848 461 1925 quis
475 1846 594 1905 amicior
615 1866 755 1928 umquam
775 1846 941 1926 reipublitae

252 1924 327 1998 fuit,
349 1926 434 2006 quim
464 1927 541 2008 legio
561 1926 666 1986 Martia
692 1925 854 1987 universa?
879 1946 939 2007 quae

250 2026 340 2084 quum
351 2005 463 2065 hostem
477 2006 712 2087 populiRomani
722 2006 767 2067 M.
775 2007 939 2066 Antonium

251 2082 418 2162 judicallet‚
440 2107 541 2147 comes
565 2085 622 2146 effe
639 2085 701 2165 ejus
722 2089 857 2147 amentiae
883 2107 940 2146 no·

252 2164 323 2223 luit:
336 2166 448 2246 reliquit
467 2166 613 2227 consulem
623 2187 632 2238 3
644 2167 724 2248 quod
734 2167 870 2249 profeill)
881 2188 941 2227 non

251 2242 377 2315 fecisset,
394 2249 417 2304 si
428 2266 496 2306 eum
506 2246 651 2306 consulem
665 2246 816 2325 judicallet
828 2268 836 2306 :
850 2268 938 2329 quem

251 2325 322 2385 nihil
336 2327 411 2385 aliud
426 2347 532 2407 agere,
550 2328 620 2387 nihil
631 2329 745 2401 moliri,
760 2329 815 2387 nisi
829 2327 940 2388 caedern

251 2407 360 2464 civium
380 2424 467 2485 atque
485 2410 632 2467 interitum
651 2410 792 2480 civitatis,
813 2409 939 2468 viderer.

251 2485 352 2566 Atque
367 2507 401 2546 ea
419 2488 496 2568 legio
516 2486 646 2547 consedit
658 2489 744 2548 Albae
759 2508 767 2546 t
783 2509 872 2568 quam
882 2509 938 2568 po·

251 2569 306 2626 tuit
320 2567 421 2628 urbem
432 2572 560 2649 eligere,
580 2587 628 2628 aut
641 2570 887 2650 opportuniorem
903 2567 939 2627 ad

250 2667 297 2707 res
313 2647 471 2728 gerendas,
493 2666 542 2709 aot
560 2647 741 2724 fideliorem,
760 2665 811 2708 aut
831 2647 940 2708 fortio·

250 2746 314 2785 rum
328 2728 477 2802 virorum,
499 2746 547 2791 aut
564 2732 734 2790 amiciorum
751 2729 868 2810 populo
877 2728 938 2788 Ro·

251 2824 339 2865 mano
361 2810 489 2868 civium?

207 2918 210 2922 ·
303 2904 334 2962 7.
357 2886 635 2972 Hujusce'legionis
661 2890 801 2959 virtutem
828 2891 940 2951 imirm

132 3318 314 3466 Λ
