2125 3784
271 349 348 449 428
388 351 446 420 Ira
466 345 520 417 Μ.
542 300 842 418 Anrorrrrr'rr

266 483 364 529 tamen
373 456 465 527 multa
475 460 550 543 saepe
558 475 669 522 tentata
677 459 765 536 sunt,
777 461 830 523 ubi
839 481 887 524 me
899 472 945 523 nou

264 549 358 610 solum
377 546 539 607 amicorum
558 539 701 616 fidelitas,
716 541 770 602 sed
787 545 879 606 etiam
895 545 948 603 nn'·

264 628 355 689 vetsae
373 624 496 689 civitatis
508 621 587 684 oculi
602 619 773 684 custodiunt
784 644 792 682 :
810 623 882 706 quid
894 643 949 685 tta·

262 690 883 830 serintkuumiteringressusero,longum
912 724 950 765 nt·

262 788 381 849 settim.
405 780 532 846 nullasne
549 782 666 842 insidias
685 725 951 864 pertimescendas?

265 864 344 928 Tres
364 869 419 928 viae
437 865 502 925 sunt
520 863 559 923 ad
572 861 747 938 Mutinam,
810 867 831 926 ὸ
853 863 952 927 festinat

267 951 399 1021 animus,
414 963 446 1006 ut
465 943 554 1026 quim
569 945 697 1024 primum
715 944 767 1004 sslu
811 934 952 1030 pignusli-

265 1031 386 1091 bertatis
406 1026 511 1109 populi
524 1023 653 1084 Romani
665 1021 709 1085 D.
724 1023 953 1107 Brutum-adspi-

265 1128 334 1170 cere
357 1109 468 1189 possim
484 1127 494 1179 ;
510 1101 592 1182 cujus
611 1107 641 1164 in
658 1100 828 1186 complexu
844 1105 953 1167 libenter

264 1207 427 1251 extremum
444 1189 513 1248 vitae
534 1184 662 1267 spiritum
681 1177 855 1263 ediderim,
873 1207 950 1269 quun

262 1289 368 1330 omnes
388 1264 517 1328 ndiiones
535 1266 640 1326 horum
664 1264 839 1342 mensium,
860 1286 950 1329 omnes

262 1343 414 1413 sententiae
433 1368 508 1409 meae
529 1347 720 1427 pervenerint
735 1347 777 1407 ad
800 1360 885 1421 eum,
904 1342 945 1429 qui

266 1430 338 1493 mihi
357 1428 410 1489 fuit
427 1426 617 1509 propositus,
633 1427 755 1488 exitum.
776 1426 856 1490 Tres
872 1448 945 1511 ergo,

268 1528 301 1571 ut
314 1511 393 1583 dixi,
407 1512 480 1581 viae3
494 1529 511 1567 a
522 1507 626 1588 supero
638 1507 733 1578 mari,
749 1506 946 1583 Flaminia&

270 1590 388 1665 infero,
406 1586 548 1662 Aurelia3
569 1587 685 1661 media,
704 1578 822 1652 Cassia.

180 1732 188 1747 ,
264 1668 267 1673 ’
311 1690 359 1748 23.
381 1669 485 1739 Nunc,
521 1665 617 1742 uaeso,
636 1667 807 1746 attendite,
823 1689 891 1731 num
907 1664 948 1731 alt·

263 1770 346 1823 ‚erret
371 1772 388 1810 a
412 1690 579 1827 cnn‘edura
601 1746 721 1830 suspicio
750 1752 871 1832 periculi
889 1751 947 1813 tuti.

265 1831 411 1897 Etruriam
428 1771 601 1890 discriminat
613 1825 737 1891 Cassia:
753 1829 890 1893 scimusne
904 1832 947 1915 igi

266 1923 336 2011 tur,
355 1911 465 1984 Pansa,
485 1912 588 1993 quibus
607 1910 723 1970 inlotis
743 1934 822 1974 nunc
834 1915 868 1972 sit
876 1910 947 1973 Len·

265 1998 344 2067 tomi
364 1991 507 2055 Caesennii
536 1990 749 2073 septemvitalis
780 1986 946 2055 auderitass

261 2070 416 2137 ¹nobiscum
434 2093 489 2133 nec
509 2076 607 2133 animo
628 2072 708 2132 terte
731 2070 796 2151 est,
819 2094 875 2135 nec
891 2078 948 2134 toti

261 2175 359 2241 pore:
379 2156 402 2214 si
412 2170 509 2214 autem
519 2171 567 2213 aut
577 2152 658 2214 domi
670 2150 730 2225 est,
743 2173 793 2216 aut
801 2177 864 2216 non
872 2152 948 2236 longe

264 2258 284 2296 a
303 2237 417 2308 domo,
438 2235 515 2295 certe
538 2237 567 2292 in
584 2232 698 2293 Etruria
716 2233 781 2310 est,
800 2236 833 2297 id
850 2234 909 2310 est,
924 2237 949 2295 in

264 2318 324 2380 via.
345 2316 421 2397 Quis
438 2318 523 2397 igitur
544 2314 615 2373 mihi
633 2310 768 2396 praestat,
788 2315 951 2378 Lentonem

260 2410 325 2471 uno
343 2398 437 2478 capite
451 2391 506 2469 esse
521 2393 718 2454 contentum?
734 2394 795 2458 Dic
806 2398 951 2478 mihipte·

146 2532 154 2547 ,
264 2493 365 2550 terea,
384 2474 491 2550 Pansa,
516 2474 672 2535 Ventidius
698 2477 825 2552 ubisit,
852 2480 898 2538 eui
915 2476 951 2548 fri

264 2559 379 2639 semper
396 2559 524 2628 amicus,
545 2575 699 2637 antequam
715 2557 774 2631 ille,
790 2560 834 2620 rei
855 2557 951 2618 ublicae

260 2632 406 2720 ¹bonisque
418 2638 553 2696 omnibus
565 2655 624 2697 tam
634 2637 734 2718 aperte
745 2636 788 2699 est
801 2580 893 2700 fadus
902 2636 950 2698 ini·

260 2722 368 2781 micus.
379 2715 495 2779 Possum
507 2714 639 2779 Cassiam
648 2718 763 2793 vitare,
776 2728 883 2782 te'nere
893 2712 952 2779 Fu·

265 2802 405 2860 miniam:
422 2799 511 2880 quid,
539 2801 563 2858 si
580 2798 761 2872 Anconam,
778 2817 813 2860 ut
835 2796 953 2871 dicitur,

265 2877 423 2944 Ventidius
432 2878 564 2947 venerit?
577 2897 725 2964 poterone
733 2880 905 2947 Ariminum
912 2897 954 2955 ως

660 3040 681 3079 N
749 3013 753 3020 .

122 3312 277 3428 Α
