2125 3784
286 301 605 375 P-rrrrrrr’rcn
634 300 764 374 XIII.
796 305 873 398 467

182 420 314 487 tissimus
333 418 467 482 omnibus
495 420 527 480 &
548 420 679 494 virtuti's3
700 420 730 481 &
751 417 876 481 fortuna

182 501 292 577 bonis,
317 503 339 561 si
356 504 416 562 haec
433 501 547 561 videret
567 501 710 582 denique,
735 522 783 560 aut
809 503 876 562 vel·

183 583 247 660 let,
264 600 312 644 aut
325 581 387 644 fieri
402 580 481 665 polle
499 581 704 642 arbitraretur?
721 580 808 643 Priris
821 607 876 644 un·

185 667 231 724 dis
253 669 404 746 flamma,
429 678 459 721 ut
483 664 633 742 aitpoeta
657 664 752 723 nescio
783 668 874 746 quis,

184 747 264 829 ptilrs
278 745 403 825 denique
421 745 540 815 omnia,
554 742 640 824 quim
655 761 703 802 aut
721 766 785 804 cum
809 747 875 805 An·

185 827 274 888 toniis
293 824 475 906 respublica,
493 820 626 884 aut'cum
645 824 790 905 republica
811 828 875 886 An·

184 908 260 967 tonii
281 907 402 967 redeant
426 907 456 964 in
477 908 607 988 gratiam.
638 905 769 968 Monstra
791 927 875 986 quae-

186 987 255 1048 darn
278 985 341 1049 sunt
359 986 429 1059 ista,
452 987 483 1046 δι
506 1009 670 1068 portenta,
690 988 720 1049 &
742 990 875 1071 prodigia

184 1069 361 1148 reipublicae.
389 1067 508 1129 Moveri
525 1068 639 1129 sedibus
657 1069 710 1129 suis
728 1069 793 1129 huic
810 1072 874 1132 urbi

185 1149 290 1211 melius
309 1147 369 1220 est,
389 1168 475 1228 atque
491 1148 579 1222 alias,
596 1153 619 1209 si
638 1148 699 1210 fieri
713 1151 824 1231 possit,
844 1153 874 1212 in

185 1246 278 1290 terras
295 1229 481 1312 demigrare,
505 1231 581 1289 unde
601 1231 797 1290 Antoniorum
820 1252 875 1292 nee

185 1308 280 1384 satra,
299 1330 352 1372 nec
368 1330 477 1370 nomen
495 1310 610 1385 audiat,
626 1311 712 1389 quim
726 1312 791 1371 illos
808 1310 875 1372 Cae-

186 1391 253 1452 saris
274 1394 380 1452 virtute
401 1388 529 1468 elatior,
551 1389 630 1450 Bruti
650 1409 805 1464 retentos,
825 1394 874 1452 in-

186 1488 232 1532 tra
251 1471 312 1545 haec
332 1475 441 1551 noenia
456 1471 568 1531 videre.
586 1468 809 1551 Optatis'simum
830 1470 872 1533 est

185 1555 323 1614 vincere:
337 1551 493 1614 secundum
512 1550 573 1630 est,
593 1545 702 1612 nullutn
715 1551 807 1611 casum
817 1574 875 1632 pto

187 1632 330 1717 dignitate
357 1633 389 1693 &
411 1633 544 1693 libertate
566 1635 665 1713 patriae
687 1653 748 1692 non
764 1630 874 1693 'seren-

187 1714 264 1781 dum,
277 1733 398 1794 putare:
419 1712 498 1795 quod
513 1712 654 1794 reliquum
672 1711 735 1786 est,
752 1712 874 1793 nonest

186 1797 324 1867 tertium,
344 1790 393 1854 sed
410 1793 588 1875 postremum
605 1795 735 1854 omnium
751 1838 760 1867 ,
778 1797 875 1854 maxi·

187 1897 267 1939 mam
292 1878 505 1958 turpitudinem
528 1873 670 1958 suscipere
694 1878 761 1937 vitae
789 1877 875 1958 cupi·

187 1958 289 2020 ditate.
515 1972 517 1976 ’

234 2056 279 2117 ςο.
308 2035 385 2119 Quae
403 2060 491 2122 quum
506 2040 546 2099 ita
563 2037 639 2112 sint,
656 2037 695 2100 de
712 2033 877 2113 mandatis3

138 2154 141 2158 ⁴
186 2117 346 2200 litterisque
363 2117 408 2197 Μ.
422 2119 546 2198 Lepidi,
562 2122 617 2179 viri
627 2119 876 2199 clarissimi‚,Ser·

187 2197 442 2264 vilio'assemiot:
465 2199 498 2260 dc
519 2198 577 2259 boc
595 2199 717 2279 amplius
742 2199 875 2271 censeo,

187 2306 208 2343 rr
230 2280 374 2364 Magnum
392 2279 590 2360 Pompeium,
608 2278 665 2340 Cn.
688 2278 799 2351 filiurn,
841 2303 876 2340 ro

188 2387 209 2424 n
230 2365 340 2442 patris,
357 2358 559 2441 majorumque
575 2358 688 2418 suorum
704 2362 801 2417 animo
818 2304 875 2418 llu-

188 2469 208 2504 π
231 2443 339 2523 dioque
358 2445 388 2500 in
405 2463 466 2503 rem
490 2441 633 2514 ublicnm,
652 2438 757 2519 suaque
781 2438 877 2521 pristi-

188 2530 209 2585 'rr
230 2545 268 2582 na
285 2525 411 2596 virtute,
428 2464 583 2592 indistria,
599 2522 768 2592 voluntate,
789 2520 877 2581 fecis·

190 2631 210 2666 n
231 2604 281 2676 se,
303 2604 382 2684 qubd
403 2603 503 2675 suam,
524 2621 712 2681 eorumque,
734 2622 808 2680 quos
828 2600 876 2660 se-

191 2711 212 2747 n
233 2706 300 2745 cum
320 2685 439 2745 haberet
450 2730 461 2757 ,
484 2703 604 2762 operam
622 2681 730 2740 senatui
751 2681 878 2761 populo·

192 2789 213 2830 r>
234 2785 292 2849 que
313 2765 451 2828 Romano
471 2763 616 2847 pollicitus
637 2758 728 2900 esset&
742 2779 876 2923 vejamque
