2125 3784
910 402 1075 490 ⁶344
1149 390 1282 458 «ΙΝ
1326 383 1430 458 Μ.
1475 386 1981 457 ΑΝτοΝιο

909 525 1013 566 mo
1047 502 1208 564 bello
1250 503 1406 562 civili
1450 523 1572 563 non
1604 501 1750 561 libet
1791 499 1981 562 dicer«

914 582 1175 645 causam:
1212 581 1470 644 detestor
1502 584 1745 642 exitum.

990 663 1127 723 111.
1181 663 1317 723 Hoc
1360 664 1577 724 bellum
1621 664 1895 742 quintum
1939 665 1981 722 ci

908 759 1003 804 tur
1023 788 1042 816 ,
1072 762 1245 824 atque
1276 747 1473 803 omnia
1503 745 1563 802 in
1591 739 1854 802 nostram
1885 759 1981 803 κα

908 823 1126 884 derunt
1163 843 1182 895 ;
1227 826 1477 905 primiim
1518 844 1640 883 non
1676 823 1870 884 modb
1910 844 1981 882 nc

905 902 1179 964 fensione
1222 905 1285 962 &
1328 902 1608 963 discordia
1648 905 1913 977 civium,
1953 903 1981 962 s·

912 986 1071 1044 xima
1111 983 1491 1044 consensione
1517 1029 1537 1058 ‚
1564 982 1894 1043 incredibili

908 1064 1008 1122 dia
1042 1084 1057 1123 ε
1099 1082 1304 1123 omnes
1350 1064 1510 1124 idem
1564 1063 1775 1125 volunt
1809 1108 1830 1137 ,
1882 1004 1981 1124 iffi

908 1145 1057 1204 dunt
1084 1188 1103 1216 ‚
1141 1143 1301 1203 idem
1337 1144 1622 1204 sentiunt:
1651 1160 1833 1224 quum
1877 1164 1981 1205 om

912 1242 1021 1284 eos
1067 1226 1193 1284 exci
1238 1225 1298 1283 io
1330 1268 1349 1296 ,
1433 1246 1539 1283 uos
1587 1243 1767 1284 nemo
1812 1225 1981 1284 civita

911 1319 1099 1386 putat.
1155 1245 1311 1382 ὅσω
1348 1324 1379 1363 e
1462 1306 1636 1386 igitur
1661 1307 1719 1362 in
1746 1303 1952 1364 medio

910 1382 971 1444 sa
996 1384 1233 1465 posita?
1276 1405 1385 1444 nos
1418 1385 1661 1446 deorum
1690 1384 1981 1444 immorta]

911 1463 1013 1545 pla
1037 1509 1056 1537 ‚
1086 1486 1195 1524 nos
1231 1485 1428 1525 muros
1450 1510 1469 1538 ‚
1497 1485 1605 1525 nos
1643 1464 1939 1525 domicilia
1961 1509 1981 1538 ‚

915 1545 1123 1625 populi
1164 1544 1417 1605 Romani
1453 1591 1471 1619 ‚
1515 1561 1756 1627 penates
1793 1590 1813 1620 ,
1860 1566 1981 1605 aras

913 1624 1174 1705 sepulcra
1229 1624 1518 1704 majorum
1557 1647 1576 1699 3
1625 1647 1733 1686 nos
1784 1627 1981 1707 legeS,

914 1705 1246 1766 libertatem
1280 1752 1299 1780 ,
1344 1705 1622 1807 conjuges
1655 1751 1673 1777 ,
1725 1706 1943 1766 liberos

916 1784 1330 1847 defendimus:
1370 1804 1571 1848 contra
1609 1786 1697 1845 M.
1730 1785 1981 1846 Antonit

917 1864 1091 1939 litut,
1143 1866 1203 1926 id
1248 1885 1511 1949 pugnat,
1557 1884 1619 1926 ut
1657 1866 1777 1926 haec
1825 1869 1981 1926 omni

916 1946 1025 2006 bet
1046 1992 1069 2018 ,
1109 1964 1333 2007 evertat
1357 1993 1375 2019 ,
1411 1947 1665 2028 praedam
1700 1945 1981 2026 reipublic

914 2023 1058 2086 belli
1085 2042 1252 2106 putet
1280 2071 1299 2098 ,
1344 2027 1604 2087 fortunas
1633 2025 1853 2086 nostras
1889 2026 1981 2106 pai

917 2123 1024 2186 pet
1044 2150 1063 2178 ,
1102 2109 1310 2185 partim
1339 2107 1629 2187 dispertiat
1653 2107 1972 2187 parricidis-

998 2202 1057 2262 9.
1116 2183 1184 2244 In
1212 2185 1316 2245 hac
1356 2204 1476 2247 tam
1514 2186 1714 2269 dispari
1752 2189 1978 2248 ratione

911 2264 1211 2326 serrimum
1262 2268 1402 2327 illud
1450 2267 1532 2329 est
1553 2313 1573 2339 ‚
1622 2268 1784 2348 qubd
1828 2268 1926 2328 ille
1977 2271 1981 2325 J

910 2345 1023 2407 suis
1078 2347 1388 2427 pollicetur
1436 2350 1686 2429 primitm
1748 2348 1963 2410 domos

915 2429 1074 2487 enim
1110 2427 1168 2487 se
1208 2427 1514 2488 divisurum
1551 2427 1891 2488 confirmat:
1921 2428 1981 2488 d<

910 2508 1082 2567 nibus
1133 2510 1318 2587 portis
1359 2554 1377 2582 ‚
1433 2510 1552 2589 qub
1602 2510 1786 2569 velint
1819 2554 1838 2583 ‚
1888 2508 1981 2569 de«

902 2585 1148 2648 Omnes
1197 2586 1515 2669 Caphones
1544 2633 1562 2662 ‚
1612 2610 1820 2650 omnes
1866 2588 1981 2648 Sax

909 2687 1107 2748 raeque
1147 2668 1337 2748 pestes
1358 2716 1376 2744 ‚
1408 2691 1536 2750 quae
1563 2668 1875 2751 sequuntur
1911 2668 1981 2727 Α]

913 2747 1071 2808 aedes
1123 2749 1231 2807 sibi
1272 2753 1520 2830 optimas
1550 2795 1570 2825 ,
1614 2751 1816 2811 hortos
1847 2793 1866 2823 n
1910 2747 1981 2829 Τι

915 2827 1150 2887 Albana
1188 2829 1468 2891 definiunt
1511 2852 1545 2890 ε.
1577 2847 1632 2889 at
1676 2851 1750 2892 ue
1787 2833 1964 2892 etiam

912 2906 1204 2984 agrestes,
1236 2914 1284 2970 si
1316 2913 1583 2973 homines
1618 2852 1699 2972 issi
1720 2955 1741 2987 ,
1774 2932 1842 2973 ac
1876 2930 1981 2971 nor

415 3256 527 3401 r·
588 3219 933 3402 Α.
