2125 3784
231 404 325 456 no
351 385 401 457 Μ’.
423 385 704 454 Mineruio.
765 394 819 480 93·

134 498 271 563 fortunar
296 521 351 562 nec
368 499 443 559 ‘inihi
467 497 640 578 persuadere
660 514 795 578 poteram
811 543 828 571 ,

134 601 189 640 rrec
206 579 248 640 fas
265 579 321 642 effe
339 579 503 651 ducebam,
521 578 628 639 versari
644 598 691 639 me
708 581 738 637 in
753 599 825 639 nos-

132 676 179 720 rro
206 662 303 724 veteri
327 658 500 732 curriculo,
526 659 578 719 iilo
604 659 720 722 remulo
734 676 827 739 atque

131 743 280 802 imitatore
299 738 475 811 studiorum,
488 758 521 801 ac
536 738 668 801 laborum
687 760 825 803 meorum

130 823 215 902 quasi
233 819 364 902 quodam
380 817 456 880 focio
476 841 492 879 a
509 841 558 882 me
581 821 614 881 &
635 822 743 882 comite
764 822 824 881 dis·

131 901 240 964 oracio.
267 899 400 981 Ergo&
418 900 491 960 inihi
510 921 584 962 meae
607 899 732 982 pristine
753 906 825 961 vitre

133 979 376 1048 consuetudinem
389 991 402 1054 “,
428 978 466 1041 C.
488 977 585 1042 Caesar
605 1027 617 1052 ,
641 981 826 1042 interclusam

135 1057 289 1138 aperuisti,
306 1061 336 1121 &
353 1061 394 1119 his
410 1061 544 1122 omnibus
557 1061 593 1121 ad
608 1063 686 1121 bene
702 1062 739 1121 de
755 1084 823 1122 om·

133 1143 166 1199 ni
183 1140 326 1220 republica
341 1139 534 1222 sperandum,
553 1145 634 1227 quasi
650 1146 761 1225 signum
774 1142 826 1202 ali·

133 1221 217 1302 quod
234 1218 373 1284 sustulisti.

178 1318 206 1378 3.
226 1299 411 1369 Intelieiium
426 1299 467 1361 est
485 1299 563 1361 enim
578 1298 652 1358 mihi
661 1297 779 1380 quidem
792 1299 826 1361 in

133 1381 251 1455 multis,
272 1382 305 1442 &
321 1381 447 1443 maxime
465 1380 495 1441 in
511 1398 561 1440 rue
576 1377 636 1458 ipso
649 1423 658 1450 ‚
669 1380 717 1441 sed
735 1380 826 1460 paulo

132 1461 200 1522 anre
218 1460 352 1523 omnihus
364 1508 376 1537 ,
390 1481 480 1542 quum
493 1458 541 1520 Μ.
553 1457 725 1520 Marcellum
743 1459 823 1521 sena·
867 1511 870 1516 .

131 1545 174 1602 rui
187 1543 359 1623 populoque
375 1541 514 1601 Romano
537 1538 725 1611 concessisti,
743 1561 825 1601 corn·

130 1624 304 1682 memoratis
333 1619 493 1699 praesertim
527 1615 734 1675 offensionibus
759 1661 770 1690 ,
794 1636 830 1679 te

131 1700 336 1763 auooritarem
352 1695 438 1775 hujus
452 1694 582 1766 ordinis,
596 1694 764 1776 dignitatem
786 1719 829 1760 ue-

132 1779 302 1860 rejpublicae
321 1780 377 1839 ruis
395 1775 445 1841 vel
464 1774 643 1847 doloribus,
663 1777 712 1840 uel
735 1718 785 1836 su?

131 1862 267 1921 tionibus
295 1855 453 1921 anteferre.
480 1853 534 1917 lile
556 1853 674 1934 quidem
699 1856 825 1919 frucium-

133 1944 230 2001 omnis
246 1940 314 1999 vitae
332 1937 400 1999 aute
417 1935 487 2000 aaa
504 1933 649 1998 hodierno
668 1936 715 1996 die
733 1941 827 2000 maxi·

132 2042 216 2086 mum
235 2021 333 2100 cepit,
350 2037 443 2103 quum
453 2015 568 2079 summo
584 2013 721 2078 consensu
738 2015 828 2078 sena-

133 2099 179 2160 tirs
192 2145 207 2172 ,
228 2117 294 2162 tum
308 2115 447 2180 praeterea
459 2094 570 2176 judicio
582 2112 633 2155 tuo
652 2096 826 2179 gravissimo

135 2181 170 2241 &
192 2181 345 2240 maximo:
371 2198 407 2239 ex
429 2197 489 2258 quo
509 2175 641 2255 profeiib
664 2177 825 2260 intelligis,

135 2278 243 2341 quanta
260 2263 291 2319 in
310 2259 379 2321 dato
395 2255 541 2319 beneficio
565 2257 677 2317 sitlans
696 2303 706 2331 ,
729 2280 823 2338 quum

134 2343 165 2400 in
186 2344 308 2421 accepto
325 2355 405 2400 tanta
422 2339 458 2398 sit
474 2336 577 2418 gloria.
601 2335 650 2399 Est
668 2339 740 2398 veri>
754 2339 821 2399 for·

134 2438 251 2480 cunarus
275 2415 452 2498 ille,cu'1us
474 2437 509 2479 ex
528 2415 617 2476 salute
640 2438 701 2478 non
724 2420 827 2479 minor-

134 2521 213 2583 pene
231 2499 409 2573 adomnos,
429 2496 518 2578 quim
539 2496 576 2560 ad
595 2496 677 2561 illum
697 2515 822 2559 ventura

134 2584 172 2640 sit
195 2626 205 2654 ‚
235 2580 331 2641 laetitia
359 2579 507 2661 pervenitt
527 2576 622 2655 Quod
647 2581 675 2638 ei
701 2577 825 2657 quidem

132 2661 263 2734 merito,
279 2676 369 2741 arque·
381 2661 495 2740 optimo
513 2653 576 2735 jure
595 2658 735 2736 contigit:
759 2658 829 2734 quisv

131 2745 213 2807 enim
229 2739 270 2803 est
282 2742 333 2800 illo
349 2756 397 2802 aut
407 2739 558 2801 nobilitate
570 2780 579 2808 ,
590 2751 638 2794 aur
657 2735 821 2815 probitate,

132 2841 183 2887 aut
202 2824 378 2904 optimarum
395 2821 497 2883 arrium
517 2814 639 2888 studio,
661 2832 708 2874 aut
731 2817 821 2876 inno-

130 2904 232 2972 centii
239 2948 253 2979 ,
265 2918 316 2968 aut
327 2900 388 2964 ullo
403 2917 510 2985 genere
521 2895 612 2988 laudis
623 2893 828 2983 prestantior}

776 1780 826 1859 pi·
911 1832 913 1839 .
