2125 3784
220 360 305 412 nno
325 340 360 410 C.
379 343 565 411 RAamlo
583 340 799 413 Poswrno.
824 343 872 438 13¹

186 453 323 533 potestati
343 453 372 516 se
399 475 431 514 re
463 477 475 514 s
500 455 702 517 commiserit:
726 478 831 519 verum
848 458 877 518 si

185 536 356 612 quaerimus,
367 475 468 595 nuri:
479 536 548 615 quid
558 538 634 595 enim
646 535 768 611 stultius,
781 538 874 619 quim

186 616 313 693 equitem
329 614 515 689 Romanum,
534 634 570 675 ex
587 616 640 676 hac
659 617 750 692 urbe,
765 617 872 699 hujus,

184 693 326 774 iirquam,
345 695 509 775 reipublicae
534 697 652 769 civem,
674 718 738 778 quae
757 702 797 759 est
815 719 874 759 una

183 775 334 846 maxime,
362 774 395 834 δι
414 772 467 835 suit
493 774 607 856 semper
633 776 747 849 libera,
769 768 876 840 venire

185 853 308 926 ineum
329 854 444 929 locum,
466 855 517 916 ubi
534 855 699 937 parendum
716 858 817 934 alteri,
837 857 872 919 &

184 930 371 994 serviendum
387 935 444 995 sit?

199 1031 205 1040 ·
229 1011 288 1072 IX.
309 1013 367 1075 Sed
392 1035 448 1098 ego
466 1017 497 1075 in
511 988 576 1076 *oc
599 1015 719 1077 tandem
733 1013 877 1076 Postumo

187 1110 249 1152 non
265 1094 410 1175 ignoscam
423 1140 432 1169 ‚
449 1097 561 1156 homini
573 1097 759 1157 mediocriter
771 1095 876 1168 doslo,

187 1172 218 1231 in
272 1175 423 1235 ovideam·
430 1175 653 1254 sapientissimos
664 1177 800 1237 homines
815 1173 878 1236 effe

186 1195 302 1333 lapids?
322 1255 425 1316 Virum
440 1277 528 1314 unum
544 1259 633 1316 totius
648 1255 769 1316 Graeciae
786 1254 877 1314 facil&

114 1323 116 1346 '
188 1333 406 1409 doslissimum,
423 1334 602 1408 Platonem,
626 1337 774 1417 iniquitate
793 1332 877 1394 Dio·

186 1415 284 1494 nysii,
303 1413 404 1477 Siciliae
417 1418 555 1496 tyranni,
576 1417 621 1474 cui
636 1414 664 1474 se
683 1414 875 1475 ille-commi·

186 1491 282 1569 serat,
302 1497 334 1554 i'n
349 1495 625 1576 maximispericulis
636 1494 797 1574 insidiisque
807 1513 876 1554 me·

187 1573 646 1653 diisesseversatumaccepimus2
660 1572 879 1646 Callisthenem,

190 1653 313 1712 dossum
330 1654 506 1724 hominem,
528 1652 787 1733 comitemMagni
802 1652 880 1712 Ale·

189 1732 313 1805 xandri,
334 1734 371 1791 ab
389 1731 560 1791 Alexandro
576 1740 711 1801 ¹necatum
730 1751 737 1789 :
756 1729 879 1792 Deme-

188 1814 274 1871 trium
296 1813 327 1872 &
347 1833 384 1873 ex
403 1812 549 1893 republica
560 1811 681 1871 Athenis
694 1857 703 1885 ‚
718 1832 805 1892 quam
820 1832 840 1870 o
862 1843 877 1858 -

187 1892 268 1952 time>
281 1890 420 1972 gesserat,
439 1894 471 1952 &
489 1912 526 1953 ex
543 1891 671 1951 doelrina
688 1892 819 1950 nobilem

191 1972 316 2044 clarum,
332 1975 380 2053 qui
393 1972 547 2031 Phalereus
558 1973 703 2031 vocitatus
713 1969 754 2030 est
763 2015 773 2044 ‚
783 1973 813 2028 in
823 1988 878 2030 eo·

191 2051 260 2112 dem
278 2050 330 2111 isto
345 2054 468 2134 AEgypti
479 2072 593 2133 regno,
614 2049 710 2130 aspide
723 2049 761 2110 ad
772 2056 877 2132 corpus

190 2131 332 2204 admoti,
352 2137 411 2193 viti
431 2130 486 2192 elle
509 2136 663 2212 privatum.
787 2138 805 2153 ⁴¹

234 2231 282 2286 24.
302 2210 391 2272 Plane
419 2209 586 2285 confiteor,
611 2209 674 2271 sieri
702 2209 771 2270 nihil
794 2207 877 2290 posse

192 2291 374 2364 dementius,
396 2293 481 2371 quim
491 2291 632 2352 scientem
644 2294 673 2350 in
692 2310 759 2349 eum
777 2290 878 2350 locum

191 2373 314 2445 venire,
331 2373 380 2431 ubi
400 2373 560 2448 libertatem
580 2373 616 2429 sis
633 2370 812 2450 perditurus:
825 2367 878 2429 sed

191 2449 277 2530 hujus
296 2450 371 2511 istius
386 2451 451 2512 sadi
470 2449 615 2511 stultitiam
640 2446 734 2528 major
751 2447 810 2529 jam
827 2446 877 2506 su-

215 2535 291 2592 erior
303 2529 415 2592 stultitia
429 2531 580 2603 defendit3
593 2551 658 2611 quae
672 2528 761 2601 facit,
774 2546 806 2586 ut
818 2528 878 2586 hoe

192 2551 383 2671 durissimum
396 2611 526 2681 facinus,
548 2611 628 2690 quod
642 2611 676 2667 in·
685 2627 806 2689 regnum
819 2624 878 2665 ve·

119 2732 122 2740 ·
192 2693 288 2762 nerit,
301 2692 382 2772 quod
393 2712 423 2750 re
446 2692 455 2747 i
475 2687 509 2748 sev
520 2687 715 2763 commiserit,
734 2683 878 2766 sapienter

191 2769 299 2833 factm
309 2769 376 2832 effe
393 2712 549 2837 uideatur:
574 2765 714 2848 siquidem
734 2784 799 2829 non*
813 2783 881 2834 tam
