2125 3784
249 402 330 507 '326
350 380 423 501 ,su
445 400 501 497 M.
528 374 825 499 >invomuit

249 523 314 581 sinti
337 516 505 593 senatoris,
536 517 681 599 sententia¹
705 516 852 581 dissoluta
876 512 935 579 el:

249 601 315 663 huic
333 602 412 661 enim
429 597 554 674 alsensi,
573 596 790 741 sggtemvirdm
808 598 869 659 adia
886 596 936 658 sus·

248 682 376 742 tulimus.
397 676 499 742 lacent
522 679 580 741 ben
622 683 665 739 cia
688 676 841 739 Nuculae:
859 677 937 761 stiget

248 777 391 843 patronus
406 759 572 821 Antonius:
597 781 664 820 nam
687 756 864 841 poss'eslores
882 762 937 818 aui·

249 844 445 923 moaequiore
462 839 610 902 discedent
627 861 634 900 ι
654 840 768 901 nullam
785 837 938 921 impensam

250 920 412 996 fecerant,
433 921 566 981 nondum
589 918 815 996 instruxerant,
841 922 939 1017 panim

251 1004 320 1087 quia
341 1022 404 1062 non
424 999 643 1075 confidebant,
665 1004 777 1085 partim
799 1020 939 1083 quianon

251 1082 411 1144 habebant.
439 1080 498 1143 Sed
524 1082 575 1142 illa
600 1078 691 1143 statua
737 1082 856 1163 almaris
875 1127 886 1155 ,
907 1082 940 1142 de

275 1185 327 1237 ua,
345 1165 368 1222 si
384 1163 506 1222 meliora
519 1178 654 1244 tempora
670 1182 688 1239 e
711 1179 788 1236 ent,
802 1164 864 1223 no'n
900 1184 941 1222 os·

248 1184 314 1305 'sem
332 1244 393 1304 sine
408 1242 461 1303 risu
478 1243 592 1304 dicere:
611 1242 645 1302 L.
664 1184 939 1316 mommsen

253 1320 689 1387 ncn11mcono.ltanejs
714 1322 807 1389 lanus
835 1318 940 1385 medius¹

253 1406 286 1466 in
303 1402 338 1465 L.
352 1402 477 1465 Antonii
495 1403 628 1464 clientela
643 1400 700 1464 sit?
721 1404 789 1500 quis
809 1424 940 1487 umquam

253 1485 286 1546 in
303 1485 354 1545 illo
374 1484 449 1547 Jano
468 1486 601 1545 inventus
620 1483 682 1558 est,
696 1506 747 1565 qut
763 1484 798 1545 L.
812 1484 940 1547 Antonio

253 1565 335 1629 mille
352 1563 501 1627 nummdm
518 1563 607 1626 ferret
624 1585 659 1626 ex
683 1564 809 1627 ensum?

295 1644 359 1707 Vl.
379 1646 437 1707 Sed
454 1649 537 1706 nimis
551 1646 642 1706 multa
656 1587 694 1708 de
708 1648 811 1731 nugis:
829 1644 868 1705 ad
882 1664 940 1705 cau·

254 1724 345 1801 saut,
371 1726 481 1787 bellum
504 1746 541 1788 ue
564 1726 716 1787 redeamus
733 1734 759 1787 :'
812 1744 940 1809 amquam

253 1827 317 1869 non
337 1807 463 1868 alienum
480 1746 533 1869 suit
545 1807 681 1889 personas
699 1804 776 1890 quas
792 1804 841 1868 am
855 1829 872 1867 a
889 1828 941 1867 vo·

254 1887 301 1949 bis
317 1887 506 1972 recognosci3
522 1905 572 1962 ut,
588 1886 756 1970 quibuscum
771 1888 885 1955 bellum
895 1906 941 1971 ge·

253 1986 394 2044 teretur,
412 1970 529 2108 possitis
548 1970 623 2029 taciti
641 1966 781 2052 cogitares
808 1966 875 2067 Ego
894 1966 942 2028 aul

255 2050 318 2108 tem
339 2071 394 2110 vos
435 2067 542 2122 otton,
563 2050 714 2131 Quirites,
733 2067 767 2111 ut
784 2093 801 2129 ,ι
816 2056 903 2110 ettam
922 2046 942 2110 sl

255 2129 359 2188 melius
378 2130 455 2188 aliud
473 2130 547 2203 suit,
563 2149 663 2192 tamen
683 2130 848 2214 legatorum
866 2126 943 2191 rediss

255 2225 318 2268 tum
336 2208 505 2291 exspedletis
519 2212 618 2273 animo
632 2232 733 2292 aequ0:
751 2210 886 2271 celeritas
896 2209 944 2271 de·

254 2289 344 2349 trasla
369 2291 406 2352 de
425 2291 506 2352 causa
528 2291 569 2353 est
586 2315 607 2367 3¹
620 2292 693 2354 boni
713 2308 817 2354 tamen
839 2288 943 2374 aliquid

255 2373 375 2433 accessit
393 2371 429 2431 ad
447 2373 569 2433 causam.

255 2478 260 2487 ·
302 2452 348 2519 16.
377 2452 480 2532 Quum
506 2455 584 2514 enim
609 2452 698 2535 legati
726 2453 944 2529 renuntiarint}

255 2532 338 2613 quod
349 2532 426 2593 cene
437 2534 657 2605 renuntiabunt,
670 2553 731 2594 non
740 2537 770 2594 in
786 2531 884 2594 vestra
894 2554 944 2615 po.-

255 2611 358 2674 testate
378 2659 388 2687 ‚
408 2634 469 2675 non
491 2617 520 2674 in
542 2613 654 2676 senatuis
673 2611 730 2675 esse
750 2613 943 2674 Antonium:

255 2696 320 2774 quis
344 2696 477 2754 cristam
497 2696 647 2777 int'probus
671 2696 772 2768 civis,
792 2696 841 2775 qui
866 2695 945 2755 illum

257 2776 354 2834 civem
371 2775 537 2836 habendum
560 2774 664 2856 putet?
687 2774 772 2834 Nunc
786 2777 868 2835 enim
886 2775 946 2835 sunt

255 2856 341 2932 pauci
355 2856 395 2914 illi
406 2857 523 2937 quidem
535 2903 544 2930 ‚
554 2857 603 2917 sed
613 2874 712 2917 tamen
727 2856 846 2936 plures,
860 2855 945 2936 quaint

257 2933 404 3014 republicis
422 2937 541 3022 dignum
557 2936 622 3016 est,
641 2940 691 3020 qui
706 2939 747 3001 ita
763 2937 944 3021 loquantur:

127 3248 268 3418 'N
