2125 3784
255 375 307 451 52
477 353 700 423 Oanrro

255 473 327 530 illius
346 467 530 547 opprimendi
550 467 624 528 suit?
642 467 744 548 Nuper
761 465 833 528 verb
847 487 937 549 quum

254 549 300 609 M.
316 547 460 607 Antonius
476 547 616 608 summam
635 547 716 628 spem
736 547 831 608 salutis
851 551 938 609 bonis

255 628 389 704 omnibus
407 629 561 703 attulisset,
582 631 837 710 gravissimamque
858 629 938 689 ado-

253 707 363 768 lescens
375 708 566 769 nobilissimus
576 709 741 788 reipublicae
753 725 866 790 partem
880 709 940 769 sor·

254 789 363 848 tissime
385 787 566 871 suscepisset,
588 806 674 870 atque
693 790 772 849 illam
789 788 939 863 belluam,

253 867 353 950 judicii
368 870 487 951 laqueos
501 869 713 942 declinantem,
727 867 787 948 jam
799 871 940 930 irretitam

255 966 394 1022 teneret3
420 953 468 1031 qui
488 950 590 1024 locus,
616 949 697 1031 quod
716 966 832 1030 tempus
847 949 939 1026 illud,

255 1030 296 1090 dii
315 1031 511 1090 immortales!
527 1029 599 1090 suit?
623 1050 711 1111 quum
724 1029 753 1090 se
766 1030 815 1090 ille
825 1028 940 1112 fugiens

256 1112 286 1171 in
306 1110 443 1170 scalarum
460 1111 594 1171 tenebras
610 1109 777 1181 abdidisset,
800 1130 940 1192 magnum

255 1190 364 1253 Miloni
381 1190 434 1251 fuit
453 1193 598 1253 conficere
623 1191 701 1251 illam
724 1189 835 1271 pestem
862 1191 941 1251 nulli

256 1271 306 1332 sui
318 1271 444 1345 invidiis,
460 1272 584 1332 Antonii
601 1273 674 1332 verb
689 1271 813 1331 maximi
827 1269 957 1353 gloriai-

299 1371 336 1427 4¹
361 1351 462 1431 Quid?
488 1353 613 1414 comitiis
638 1355 668 1411 in
697 1372 759 1411 cam
782 1372 802 1410 o
825 1353 941 1432 quoties

255 1431 385 1514 potestas
404 1432 478 1494 fuiti
536 1453 585 1492 um
603 1431 653 1492 ille
666 1432 697 1493 vi
713 1436 743 1491 in
752 1373 832 1512 septa
843 1434 942 1492 irruis·

256 1513 320 1588 set,
335 1514 446 1595 gladios
459 1454 698 1652 deffiinpendos,
712 1512 824 1594 lapides
835 1509 943 1592 jacien-

257 1594 314 1655 dos
332 1593 471 1666 curasset,
491 1594 559 1654 dein
582 1613 598 1653 e
617 1592 733 1663 subito,
749 1592 832 1652 vultu
846 1592 942 1653 Milo·

257 1677 303 1737 nis
322 1678 511 1755 perterritus,
528 1673 643 1755 sugeret
662 1674 699 1733 ad
718 1671 871 1746 Tiberim,
885 1693 941 1734 vos

259 1756 294 1814 δι
315 1775 417 1816 omnes
434 1755 506 1814 boni
524 1771 597 1815 vota
614 1754 767 1829 faceretis,
784 1770 816 1814 ut
833 1753 942 1816 Miloni

259 1836 303 1895 uti
318 1837 423 1895 virtute
441 1833 489 1893 sui
505 1833 630 1893 liberet?

302 1914 398 1975 XVI.
416 1914 516 1994 Quem
533 1915 619 1996 igitur
640 1934 707 1973 curn
724 1913 856 1973 omnium
874 1933 943 1997 gra·

187 1990 194 2000 ’
258 1997 300 2056 tia
321 1996 439 2066 noluit3
464 1996 540 2053 hunc
569 1993 664 2055 voluit
689 2015 754 2054 cum
781 1994 944 2075 aliquorum

260 2073 401 2154 querela?
427 2093 516 2154 quern
536 2070 617 2153 jure,
655 2093 723 2133 uem
747 2075 836 2150 loco,
854 2095 944 2157 quem

259 2169 414 2233 tempore,
437 2174 524 2233 quem
546 2094 664 2235 impurib
687 2176 747 2215 non
772 2153 813 2215 est
836 2157 944 2230 ausus3

185 2262 188 2268 ·
260 2233 337 2293 hunc
355 2230 475 2312 injurii,
495 2235 594 2314 iniquo
608 2234 697 2309 loco,
716 2235 811 2295 alieno
824 2250 944 2317 tempo-

260 2335 316 2386 re,
340 2314 469 2436 periculo
489 2317 612 2395 capitis,
631 2336 692 2376 non
710 2315 851 2378 dubitavit
863 2318 944 2377 occi·

260 2396 353 2454 dere.
856 2446 860 2453 .

303 2494 352 2549 42.
375 2473 550 2547 Praesertim,
568 2475 704 2547 ludices,
723 2496 811 2557 quum
822 2475 943 2537 honoris

260 2556 430 2638 amplissimi
443 2556 615 2629 contentio,
636 2557 667 2617 &
682 2556 741 2616 dies
758 2557 944 2617 comitiorum

260 2635 383 2698 subesset
396 2657 403 2696 :
418 2657 477 2718 quo
486 2636 603 2717 quidem
615 2635 772 2717 tempore(
784 2636 841 2696 scio
852 2639 944 2712 enim,

263 2717 350 2796 quim
371 2717 469 2778 timida
493 2719 528 2777 sit
554 2717 690 2790 ambitio,
719 2735 882 2798 quantaque
910 2719 945 2778 &

263 2796 350 2874 quium
358 2798 476 2857 sollicita
486 2800 522 2857 sit
534 2796 673 2877 cupiditas
683 2795 843 2856 consulatus
853 2795 867 2877 )
877 2817 945 2857 orn·

263 2877 312 2936 nia
330 2898 390 2938 uon
413 2878 525 2952 modo,
542 2898 609 2960 ,quae
620 2877 804 2969 ‘reprehendi
826 2877 943 2960 palam,
