2125 3784
258 267 308 340 72
482 242 706 314 OuArro

256 377 358 420 tenens
377 356 513 418 clamaret
521 356 561 417 T.
573 357 706 431 Annius,
722 353 854 430 Adeste,
868 370 942 439 quai

256 439 307 509 so‚
323 457 409 519 atque
423 439 538 512 audite,
550 440 628 499 cives
640 460 647 496 ι
659 436 692 498 P.
703 437 848 500 Clodium
859 439 944 499 inter·

256 517 335 592 feci3
355 517 417 597 ejus
436 519 569 591 furores,
594 541 667 601 quos
683 520 767 579 nullis
786 516 850 596 jam
873 519 942 600 legi-

256 599 330 673 bus,
346 599 429 658 nullis
439 597 548 678 judiciis
558 597 671 659 frenare
685 615 877 679 poteramus,
891 599 944 658 hoc

257 679 335 740 ferro
358 680 391 739 &
411 680 472 739 hac‘
483 678 603 739 dexteri
620 701 638 738 a
660 677 824 740 cervicibus
845 676 944 738 vestris

257 760 368 840 repuli3
381 780 434 840 per
448 778 496 819 me
512 774 544 818 ut
561 778 650 818 unum
670 757 734 838 jus,
748 760 892 838 amiitat,
904 752 944 818 le'·

258 861 329 923 ges,
348 841 483 912 libertas,
502 839 619 921 pudor,
637 839 774 919 pudicitia
784 839 818 897 in
829 839 944 898 civitate

260 936 429 981 manerent:
445 918 514 980 effer
531 921 604 980 verb
617 918 799 994 timendum,
816 922 943 1001 quonam

259 1000 351 1062 modo
372 1000 402 1060 id
421 998 510 1060 ferret
528 1002 627 1060 civitas
648 1021 656 1058 ι
675 1020 753 1059 nuuc
777 1003 859 1060 eui‘m
886 1000 944 1080 quis

244 1081 320 1154 est,
338 1083 386 1161 qui
398 1103 459 1141 nou
471 1079 598 1161 probet?
615 1083 741 1161 quinon
759 1078 883 1140 laudet?
935 1078 942 1094 ⁶

258 1183 319 1220 non
339 1182 427 1220 unum
449 1159 514 1240 post
533 1161 686 1220 hominum
701 1163 881 1221 memoriam
920 1182 945 1219 r·

258 1257 320 1298 tum
344 1240 473 1299 Annium
502 1240 658 1320 plurimum
678 1240 847 1320 reipublicae
874 1260 945 1321 pro·

259 1318 359 1391 fuisse,
372 1320 498 1380 maximi
507 1320 604 1379 laetitii
616 1321 758 1400 populum
764 1319 945 1394 Romanum,

259 1399 391 1460 cuniiam
403 1398 536 1473 Italiam,
553 1403 684 1459 nationes
696 1419 800 1461 omnes
812 1397 946 1473 affeciffe',

261 1481 296 1542 &
311 1481 408 1554 dicat,
428 1481 461 1540 &
479 1478 601 1540 sentiat?
617 1478 764 1562 Nequeo,
782 1496 890 1542 vetera
899 1480 946 1541 illa

261 1563 364 1642 populi
377 1561 503 1620 Romani
521 1578 627 1642 quanta
639 1559 745 1621 fuerint
758 1560 885 1642 gaudia,
902 1556 944 1641 ju·

165 1638 169 1644 ’
262 1642 376 1700 dicare:
391 1640 494 1723 multas
508 1658 607 1700 tamen
624 1639 684 1720 jam
697 1640 877 1702 summotum
891 1643 946 1701 im·

261 1738 429 1802 peratorum
444 1721 611 1781 clarissimas
623 1720 757 1781 vitiorias
769 1738 839 1781 etas
850 1719 945 1782 nostra

226 1827 229 1831 ·
261 1801 353 1873 vidit3
369 1822 490 1881 quarum
503 1802 581 1861 nulla
597 1821 692 1883 neque
707 1819 768 1862 tam
781 1802 945 1863 diuturnum

260 1883 356 1941 attulit
374 1884 523 1954 laetitiam,
540 1903 595 1942 nec
613 1899 732 1942 tantam.

303 1959 354 2032 78.
372 1959 513 2020 Mandate
536 1961 594 2020 hoc
620 1963 793 2032 memorie,
810 1960 944 2023 Judicest

251 2037 345 2117 spero
363 2039 453 2098 multa
464 2061 538 2112 vos,
556 2041 718 2124 liberosque
730 2039 843 2103 vestros
854 2045 885 2101 iu
898 2060 945 2102 re·

263 2117 378 2212 publica
399 2117 476 2178 bona
496 2118 553 2179 effe
573 2121 705 2181 visuros:
721 2124 750 2181 in
766 2122 810 2182 his
827 2121 945 2261 ompulit

262 2215 302 2256 rra
318 2197 430 2277 semper
447 2197 660 2274 existimabitis,
678 2204 750 2263 vivo
766 2199 800 2262 P.
810 2199 870 2262 Clo
892 2204 945 2276 io,

263 2276 334 2335 nihil
362 2297 464 2338 eorum
486 2301 541 2341 vos
563 2280 673 2341 visuros
695 2280 785 2343 fuisse.
808 2279 843 2340 In
864 2281 945 2342 sem

262 2359 443 2428 maximam,
469 2359 502 2417 &
570 2361 777 2421 emadmo‘dum
801 2361 945 2436 condo,

260 2439 439 2498 verissimam
450 2379 568 2497 adduii
574 2438 687 2514 sumus,
703 2442 779 2501 hunc
789 2439 884 2520 ipsum
894 2456 945 2501 aui

263 2538 333 2578 rrum
343 2562 352 2591 ,
364 2517 420 2577 hoc
432 2516 493 2597 ipso
507 2517 619 2580 summo
632 2522 697 2581 viro
712 2519 848 2593 consule,
862 2536 946 2582 com⁴

263 2598 360 2676 pressi
392 2599 543 2658 homiuum
572 2594 709 2676 licentii,
742 2600 946 2680 cupiditatibus

263 2675 373 2750 fraiiis,
390 2679 500 2772 legibus
523 2681 556 2740 &
573 2677 683 2757 judiciis
704 2679 884 2756 constitutis,
898 2679 945 2741 sa-

263 2754 384 2818 lutarem
402 2761 507 2822 civitati
518 2758 600 2820 fore.
625 2757 704 2822 Num
723 2765 786 2844 quis
802 2761 888 2844 igitur
902 2758 945 2822 est

882 2859 943 2902 iam
