2125 3784
314 330 669 420 ‘rnrrrrr‘rcjr'
691 332 745 421 xj
793 334 872 445 3'7'!

182 450 282 543 pesti,
298 478 468 544 quanteque
484 461 604 523 restitit?
622 461 653 523 Si
665 463 744 524 enim
754 460 796 533 C.
808 461 874 522 An·

187 545 304 638 tonius,
324 543 405 624 quod
420 545 517 636 animo
531 543 721 642 intenderat„
732 541 872 643 perficer}

184 619 323 760 porurllet
340 620 502 705 (porurllet
518 640 635 697 autem,
653 643 706 682 nrsr
722 643 784 701 elus
807 622 871 684 sce·

198 704 241 761 eri
263 704 352 762 virtus
372 702 417 763 M.
438 701 518 765 Bruti
531 700 705 785 obstitiffet)
725 702 872 763 Macedo:

184 782 285 855 niam,
299 779 470 864 Illyricum,
484 779 627 843 Graeciam
641 776 883 862 perdidissemus}

185 859 259 921 ellet
283 863 333 922 vel
358 862 570 943 receptaculum
595 861 677 944 pulso
709 861 872 937 Antonio,-

184 941 238 1002 vel
264 961 353 1036 agger
377 943 580 1024 oppugnandae
607 940 697 1002 ltaliae
724 940 871 1015 Graecia}

185 1041 252 1102 quae
265 1022 381 1101 quidem
396 1042 471 1082 nunc
489 1022 534 1082 M.
548 1021 627 1082 Bruti
644 1024 787 1105 imperio,
804 1037 873 1083 auc-¹

185 1101 328 1175 raritate,
352 1104 443 1183 copiis
458 1122 519 1161 non
538 1100 669 1162 instrulia
686 1101 802 1174 solium,
821 1100 872 1163 sed

186 1181 275 1242 etiam
304 1199 404 1242 omata
424 1226 433 1253 ,
457 1180 552 1241 tendit
582 1181 730 1242 dexteram
755 1180 872 1256 ltaliae,³

184 1259 324 1340 suumque
349 1263 376 1321 ei
403 1261 567 1340 praesidium
589 1262 767 1340 pollicetur:
790 1260 872 1342 quod

207 1342 235 1400 ui
255 1342 291 1400 ab
313 1340 364 1402 illo
386 1340 531 1412 abducit,
554 1342 737 1412 exercitum,
762 1340 794 1400 &
821 1349 873 1402 re·i

184 1356 313 1501 lpetlum
331 1420 575 1502 pulcherrimum,
594 1418 805 1501 &presidium
818 1417 873 1479 fir·t

184 1502 345 1561 rarissimum
378 1500 479 1560 adimit
511 1499 686 1578 reipublicae.
725 1496 873 1578 Equident

183 1583 292 1660 cupio,
314 1580 377 1638 lraec
401 1581 612 1659 quamprimum
631 1579 795 1639 Antonium
816 1582 874 1639 aui

184 1660 277 1734 dire,
306 1676 337 1718 ut
365 1659 504 1740 intelligat
527 1702 537 1729 ,
559 1678 619 1718 non
643 1657 686 1718 D.
715 1656 874 1735 Brutumg

184 1759 275 1879 quaem
292 1737 372 1800 vallo
390 1736 599 1814 circumsedet,
612 1738 662 1801 sed
678 1736 799 1819 seipsum
811 1739 872 1800 ob³

185 1823 281 1881 sieri.
413 1858 416 1864 ·
829 1848 839 1858 2⁷
866 1828 873 1860 1
932 1827 935 1831 ’

226 1898 267 1959 V.
291 1896 363 1959 Tria
378 1914 460 1960 terret
475 1898 584 1980 oppida
595 1917 662 1960 toto
679 1903 708 1961 in
724 1900 797 1960 orbe
811 1904 873 1961 teri

185 2000 279 2040 rarum
291 2001 299 2039 :
311 1980 400 2040 habet
415 1983 638 2040 inimicissimam
654 1978 798 2046 Galliam:
816 2001 873 2041 eoa

185 2063 272 2120 etiam
293 2105 302 2133 ‚
326 2061 428 2140 quibus
454 2058 651 2133 confidebat,
679 2063 870 2122 alienissimos

185 2138 430 2221 Transpadanos:
456 2137 537 2199 ltalia
561 2144 655 2201 omnis
675 2141 776 2203 infesta
801 2140 870 2203 est:

186 2237 293 2281 exterae
311 2222 442 2280 nationes
459 2242 476 2279 a
494 2223 587 2302 prima
602 2230 657 2280 ‘ora
675 2220 796 2282 Graeciae
820 2243 872 2282 us·

185 2319 246 2394 que
264 2299 301 2359 ad
320 2301 503 2381 AEgyptum,
516 2304 695 2381 optimorum
716 2302 747 2360 δι
766 2299 872 2360 fortisd

185 2401 324 2439 armorum
342 2382 448 2440 civium
466 2381 593 2460 imperiis
613 2379 644 2438 &
687 2380 802 2440 raesidiis
820 2388 872 2441 te·'

184 2478 300 2522 nentur.
329 2457 398 2519 Erat
415 2462 444 2519 ei
460 2458 524 2539 spes
540 2481 597 2519 una
613 2461 643 2517 in
686 2503 693 2519 .
712 2460 866 2521 Antonio=

184 2543 234 2622 qui
258 2540 382 2599 duorum
401 2537 519 2598 fratrum
540 2539 671 2599 aetatibus
689 2539 801 2599 medius
821 2542 874 2599 ino'

183 2618 349 2701 terjellus,
377 2620 453 2677 vitiis
476 2638 543 2675 cum
565 2635 689 2699 utroque
712 2618 873 2681 certabat(

184 2702 262 2780 qui,
285 2717 430 2779 tamquam
454 2696 654 2757 extruderetur
676 2719 693 2756 a
715 2696 812 2757 senatu
835 2698 866 2758 in

184 2779 412 2852 Macedoniam,
428 2777 461 2838 δι
473 2797 534 2836 non
547 2777 649 2841 contri
662 2777 872 2862 prohiberetur*

183 2856 324 2944 proficisci
336 2903 346 2936 ,
357 2859 403 2933 ,ita
422 2859 555 2930 cucurrit.
850 2881 871 2904 ἰ
